@inproceedings{ECDLTonkin2007,
  author       = {Emma Tonkin, Ana Alice Baptista, Seth van Hooland, Andrea Resmini, Eva Mendéz and Liddy Neville},
  title        = {Kinds of Tags: a collaborative research study on tag usage and structure.},
  year    = {2007},
  venue        = {European Conference on Digital Libraries},
  location     = {Budapest, Hungary},
  url={https://at-web1.comp.glam.ac.uk/pages/research/hypermedia/nkos/nkos2007/papers/abstracts.html#tonkin}
}


@inproceedings{ECDLShiri2007,
  author       = {Ali Shiri},
  title        = {Trend Analysis in Social Tagging: An LIS Perspective.},
  year = {2007},
  venue        = {European Conference on Digital Libraries},
  location     = {Budapest, Hungary},
  url={https://at-web1.comp.glam.ac.uk/pages/research/hypermedia/nkos/nkos2007/papers/abstracts.html#shiri}
}

@inproceedings{ECDLHeckner2007,
  author       = {Markus Heckner, Susanne M{\"u}hlbacher, Christian Wolff},
  title        = {Tagging tagging. A classification model for user keywords in scientific bibliography management systems .},
  year = {2007},
  venue        = {European Conference on Digital Libraries},
  location     = {Budapest, Hungary},
  url={https://at-web1.comp.glam.ac.uk/pages/research/hypermedia/nkos/nkos2007/papers/abstracts.html#heckner}
}

@inproceedings{ECDLClarke2007,
  author       = {Stella G Dextre Clarke},
  title        = {Overview of ISO NP 25964},
  year = {2007},
  venue        = {European Conference on Digital Libraries},
  location     = {Budapest, Hungary},
  url={https://at-web1.comp.glam.ac.uk/pages/research/hypermedia/nkos/nkos2007/presentations/Stella-ISONP25964Overview.ppt}
}

@inproceedings{ECDLCochard2007,
  author       = {Nicolas Cochard},
  title        = {A data model and XML schema for BS 8723-5},
  year = {2007},
  venue        = {European Conference on Digital Libraries},
  location     = {Budapest, Hungary},
  url={https://at-web1.comp.glam.ac.uk/pages/research/hypermedia/nkos/nkos2007/presentations/DataModelXmlSchemaBS8723-5.ppt}
}

@inproceedings{ECDLKless2007,
  author       = {Daniel Kless},
  title        = {From a thesaurus standard to a general knowledge organization standard?!},
  year = {2007},
  venue        = {European Conference on Digital Libraries},
  location     = {Budapest, Hungary},
  url={https://at-web1.comp.glam.ac.uk/pages/research/hypermedia/nkos/nkos2007/presentations/kless_2007-09-19.ppt}
}

@inproceedings{ECDLFayen2007,
  author       = {Emily Fayen},
  title        = {Crosswalks and the USA Perspective},
  year = {2007},
  venue        = {European Conference on Digital Libraries},
  location     = {Budapest, Hungary},
  url={https://at-web1.comp.glam.ac.uk/pages/research/hypermedia/nkos/nkos2007/presentations/Revising%20NISO%20Z39.19-r4.ppt},
}

@inproceedings{ECDLBroughton2007,
  author       = {Vanda Broughton},
  title        = {Facet analysis as a fundamental theory for structuring subject organization tools},
  year = {2007},
  venue        = {European Conference on Digital Libraries},
  location     = {Budapest, Hungary},
  url={https://at-web1.comp.glam.ac.uk/pages/research/hypermedia/nkos/nkos2007/papers/abstracts.html#broughton},
}

@inproceedings{ECDLPanzer2007,
  author       = {Michael Panzer},
  title        = {Towards the “webification” of controlled subject vocabulary: A case study involving the Dewey Decimal Classification},
  year = {2007},
  venue        = {European Conference on Digital Libraries},
  location     = {Budapest, Hungary},
  url={https://at-web1.comp.glam.ac.uk/pages/research/hypermedia/nkos/nkos2007/papers/abstracts.html#panzer},
}

@inproceedings{ECDLTudhope2007,
  author       = {Doug Tudhope},
  title        = {Terminology registries},
  year = {2007},
  venue        = {European Conference on Digital Libraries},
  location     = {Budapest, Hungary},
  url={https://at-web1.comp.glam.ac.uk/pages/research/hypermedia/nkos/nkos2007/papers/abstracts.html#hodge},
}

@inproceedings{ECDLSi2007,
  author       = {Libo Si},
  title        = {Encoding formats and consideration of requirements for mapping},
  year = {2007},
  venue        = {European Conference on Digital Libraries},
  location     = {Budapest, Hungary},
  url={https://at-web1.comp.glam.ac.uk/pages/research/hypermedia/nkos/nkos2007/papers/abstracts.html#si},
}

@inproceedings{ECDLMayr2007,
  author       = {Philipp Mayr, Vivien Petras, Anne-Kathrin Walter},
  title        = {Results from a German terminology mapping effort: intra- and interdisciplinary cross-concordances between controlled vocabularies},
  year = {2007},
  venue        = {European Conference on Digital Libraries},
  location     = {Budapest, Hungary},
  url={https://at-web1.comp.glam.ac.uk/pages/research/hypermedia/nkos/nkos2007/papers/abstracts.html#mayr},
}

@inproceedings{ECDLHaslhofer2007,
  author       = {Bernhard Haslhofer},
  title        = {Uniform SPARQL Access to Interlinked (Digital Library) Sources},
  year = {2007},
  venue        = {European Conference on Digital Libraries},
  location     = {Budapest, Hungary},
  url={https://at-web1.comp.glam.ac.uk/pages/research/hypermedia/nkos/nkos2007/papers/abstracts.html#haslhofer},
}

@inproceedings{ECDLKaczmarek2007,
  author       = {Mateusz Kaczmarek, Sebastian Ryszard Kruk, and Adam Gzella},
  title        = {Collaborative Building of Controlled Vocabulary Crosswalks .},
  year = {2007},
  venue        = {European Conference on Digital Libraries},
  location     = {Budapest, Hungary},
  url={https://at-web1.comp.glam.ac.uk/pages/research/hypermedia/nkos/nkos2007/papers/abstracts.html#kaczmarek},
}