@inproceedings{ECDLS1Eslau2004,
  author       = {Anna Eslau, H. Lundbeck and Marianne Lykke Nielsen},
  title        = {Introduction to user centred approaches to KOS },
  year    = {2004},
  venue        = {European Conference on Digital Libraries},
  location     = {Bath, England},
  url={https://web.archive.org/web/20110412085619/http://www2.db.dk/nkos-workshop/pp%20presentationer/NKOS-intro.pdf}
}


@inproceedings{ECDLS1Sumner2004,
  author       = {Tamara Sumner and Michael Wright},
  title        = {The NSDL Strand Map Service: A Networked Knowledge Organization and Visualization System for K-12 Education},
  year = {2004},
  venue        = {European Conference on Digital Libraries},
  location     = {Bath, England},
  url={https://web.archive.org/web/20110412085619/http://www2.db.dk/nkos-workshop/#The NSDL Strand Map Service}
}

@inproceedings{ECDLS1RasmussenMarianneNielsen2004,
  author       = {Hella Moller Rasmussen, H. Lundbeck and Marianne Lykke Nielsen},
  title        = {Developing a tool for searching and learning – the potential of an enriched end user thesaurus.},
  year = {2004},
  venue        = {European Conference on Digital Libraries},
  location     = {Bath, England},
  url={https://web.archive.org/web/20110412085619/http://www2.db.dk/nkos-workshop/#Developing a tool for searching and learning}
}

@inproceedings{ECDLS1Caracciolo2004,
  author       = {Caterina Caracciolo and Stephan Stipdonk},
  title        = {Browsing and understanding a domain ontology: a user study},
  year = {2004},
  venue        = {European Conference on Digital Libraries},
  location     = {Bath, England},
  url={https://web.archive.org/web/20110412085619/http://www2.db.dk/nkos-workshop/#Browsing and understanding}
}

@inproceedings{ECDLS1Weaver2004,
  author       = {Mathew Weaver, Timothy Tolle , Marianne Lykke Nielsen, and Lois Delcambre},
  title        = {Knowledge Structures for a Domain-Specific Digital Library for Natural Resource Managers},
  year = {2004},
  venue        = {European Conference on Digital Libraries},
  location     = {Bath, England},
  url={https://web.archive.org/web/20110412085619/http://www2.db.dk/nkos-workshop/#Knowledge Structures}
}

@inproceedings{ECDLS1Blocks2004,
  author       = {Dorothee Blocks},
  title        = {A model of information searching behaviour to facilitate end-user support in KOS-enhanced systems},
  year = {2004},
  venue        = {European Conference on Digital Libraries},
  location     = {Bath, England},
  url={https://web.archive.org/web/20110412085619/http://www2.db.dk/nkos-workshop/#A model of information}
}

@inproceedings{ECDLS2Tudhope2004,
  author       = {Doug Tudhope},
  title        = {Introduction to standardization initiatives},
  year = {2004},
  venue        = {European Conference on Digital Libraries},
  location     = {Bath, England},
  url={https://web.archive.org/web/20110412085619/http://www2.db.dk/nkos-workshop/pp%20presentationer/NKOS-doug-intro.pdf}
}

@inproceedings{ECDLS2Clarke2004,
  author       = {Stella Dextre Clarke and Luke House},
  title        = {Revision and extension of thesaurus standards},
  year = {2004},
  venue        = {European Conference on Digital Libraries},
  location     = {Bath, England},
  url={https://web.archive.org/web/20110412085619/http://www2.db.dk/nkos-workshop/pp%20presentationer/NKOS-Stella.pdf}
}

@inproceedings{ECDLS2Miles2004,
  author       = {Alistair Miles, Brian Matthews, Nikki Rogers, and Dave Beckett},
  title        = {SKOS: Standards and Best Practices for USING Knowledge Organisation Systems ON THE Semantic Web},
  year = {2004},
  venue        = {European Conference on Digital Libraries},
  location     = {Bath, England},
  url={https://web.archive.org/web/20110412085619/http://www2.db.dk/nkos-workshop/#SKOS: Standards and Best}
}

@inproceedings{ECDLS2Lee2004,
  author       = {Edmund Lee},
  title        = {Terminology resource discovery for the UK heritage sector – a case study},
  year = {2004},
  venue        = {European Conference on Digital Libraries},
  location     = {Bath, England},
  url={https://web.archive.org/web/20110412085619/http://www2.db.dk/nkos-workshop/#Terminology resource discovery}
}

@inproceedings{ECDLS2Martul2004,
  author       = {David Martul},
  title        = {Update on topic map and linguistic standards},
  year = {2004},
  venue        = {European Conference on Digital Libraries},
  location     = {Bath, England},
  url={https://web.archive.org/web/20110412085619/http://www2.db.dk/nkos-workshop/#Update on topic map}
}

@inproceedings{ECDLS3Pearson2004,
  author       = {Mike Pearson},
  title        = {A multilingual mathematics thesaurus designed for school users and undergraduates},
  year = {2004},
  venue        = {European Conference on Digital Libraries},
  location     = {Bath, England},
  url={https://web.archive.org/web/20110412085619/http://www2.db.dk/nkos-workshop/#A multilingual mathematics}
}

@inproceedings{ECDLS3Gawrysiak2004,
  author       = {Piotr Gawrysiak, Henryk Rybinski, and Michal Okoniewski},
  title        = {Dynamic KOS building & management for library information systems},
  year = {2004},
  venue        = {European Conference on Digital Libraries},
  location     = {Bath, England},
  url={https://web.archive.org/web/20110412085619/http://www2.db.dk/nkos-workshop/#Dynamic KOS building}
}

@inproceedings{ECDLS3Doerr2004,
  author       = {Martin Doerr and Manos Papagelis},
  title        = {A method for estimating the precision pf place name matching},
  year = {2004},
  venue        = {European Conference on Digital Libraries},
  location     = {Bath, England},
  url={https://web.archive.org/web/20110412085619/http://www2.db.dk/nkos-workshop/#A method for estimating}
}
