@inproceedings{ECDLLauser2006,
  author       = {Lauser, B., Sini, M., Liang, A., Keizer, J. and Katz, S.},
  title        = {AGROVOC and the OWL Web Ontology Language: the Agriculture Ontology Service - Concept Server OWL model},
  year    = {2006},
  venue        = {European Conference on Digital Libraries},
  location     = {Alicante, Spain},
  url= {https://at-web1.comp.glam.ac.uk/pages/research/hypermedia/nkos/nkos2006/papers/abstracts.html#lauser}
}


@inproceedings{ECDLNicholson2006,
  author       = {Nicholson, D. and McCulloch, E.},
  title        = {Design of a Pilot SRW-compliant Terminologies Mapping Service (HILT)},
  year = {2006},
  venue        = {European Conference on Digital Libraries},
  location     = {Alicante, Spain},
  url= {https://at-web1.comp.glam.ac.uk/pages/research/hypermedia/nkos/nkos2006/papers/abstracts.html#nicholson}
}

@inproceedings{ECDLPrice2006,
  author       = {Price, S., Lykke Nielsen, M. and Delcambre, L.},
  title        = {The Feasibility of Using the Semantic Components Model for Indexing Documents in Digital Libraries},
  year = {2006},
  venue        = {European Conference on Digital Libraries},
  location     = {Alicante, Spain},
  url= {https://at-web1.comp.glam.ac.uk/pages/research/hypermedia/nkos/nkos2006/papers/abstracts.html#price}
  
}

@inproceedings{ECDLFalquet2006,
  author  = {Falquet, G., Nerima, L., Mottaz Jiang,C-L. and Ziswiler, J-C.},
  title  = {Integrating Semi-formal Knowledge Organization Structures},
  year = {2006},
  venue        = {European Conference on Digital Libraries},
  location     = {Alicante, Spain},
  url= {https://at-web1.comp.glam.ac.uk/pages/research/hypermedia/nkos/nkos2006/papers/abstracts.html#falquet}
}

@inproceedings{ECDLVoss2006,
  author       = {Vo√ü, J.},
  title        = {Knowledge Organization with Wikipedia - Joining the Free Encyclopaedia and Digital Libraries},
  year = {2006},
  venue        = {European Conference on Digital Libraries},
  location     = {Alicante, Spain},
  url= {https://at-web1.comp.glam.ac.uk/pages/research/hypermedia/nkos/nkos2006/papers/abstracts.html#voss}
}

@inproceedings{ECDLKruk2006,
  author       = {Kruk, S., Haslhofer, B., Piotrowski, P., Westerski, A. and Woroniecki, T.},
  title        = {Role of Ontologies in Semantic Digital Libraries},
  year = {2006},
  venue        = {European Conference on Digital Libraries},
  location     = {Alicante, Spain},
  url= {https://at-web1.comp.glam.ac.uk/pages/research/hypermedia/nkos/nkos2006/papers/abstracts.html#kruk}
}

@inproceedings{ECDLMiles2006,
  author       = {Miles, Alistair},
  title        = {A Theory of Retrieval Using Structured Vocabularies},
  year = {2006},
  venue        = {European Conference on Digital Libraries},
  location     = {Alicante, Spain},
  url= {https://at-web1.comp.glam.ac.uk/pages/research/hypermedia/nkos/nkos2006/papers/abstracts.html#miles}
}

@inproceedings{ECDLTudhope2006,
  author       = {Tudhope, D.},
  title        = {A tentative typology of KOS: towards a KOS of KOS?},
  year = {2006},
  venue        = {European Conference on Digital Libraries},
  location     = {Alicante, Spain},
  url= {https://at-web1.comp.glam.ac.uk/pages/research/hypermedia/nkos/nkos2006/papers/abstracts.html#tudhope}
}

@inproceedings{ECDLNielsen2006,
  author       = {Lykke Nielsen, M. and Eslau, A.G.},
  title        = {Indexing challenges in work place information retrieval},
  year = {2006},
  venue        = {European Conference on Digital Libraries},
  location     = {Alicante, Spain},
  url= {https://at-web1.comp.glam.ac.uk/pages/research/hypermedia/nkos/nkos2006/papers/abstracts.html#nielsen}
}

@inproceedings{ECDLClarke2006,
  author       = {Dextre Clarke, Stella},
  title        = {BS 8723 advances to encompass interoperability},
  year = {2006},
  venue        = {European Conference on Digital Libraries},
  location     = {Alicante, Spain},
  url= {https://at-web1.comp.glam.ac.uk/pages/research/hypermedia/nkos/nkos2006/papers/abstracts.html#dextra}
}

@inproceedings{ECDLDoerr2006,
  author       = {Doerr, Martin},
  title        = {Waking from a Dogmatic Slumber - A Different View on Knowledge Management for Digital Libraries},
  year = {2006},
  venue        = {European Conference on Digital Libraries},
  location     = {Alicante, Spain},
  url= {https://at-web1.comp.glam.ac.uk/pages/research/hypermedia/nkos/nkos2006/presentations/m-doerr-21-09-2006.ppt}
}

@inproceedings{ECDLTerwilliger2006,
  author       = {Terwilliger, J.F., Delcambre, L.M.L. and Logan, J.},
  title        = {Guava: Capturing the Intrinsic Organization of Knowledge in User Interfaces},
  year = {2006},
  venue        = {European Conference on Digital Libraries},
  location     = {Alicante, Spain},
  url= {https://at-web1.comp.glam.ac.uk/pages/research/hypermedia/nkos/nkos2006/papers/abstracts.html#terwilliger}
}
