@inproceedings{ECDLBechhofer2000,
  author       = {Sean Bechhofer},
  title        = {OIL: The Ontology Inference Layer},
  year    = {2000},
  venue        = {European Conference on Digital Libraries},
  location     = {Lisbon, Portugal},
}

@inproceedings{ECDLDoerr2000,
  author       = {Martin Doerr},
  title        = {Thesaurus Mapping},
  year    = {2000},
  venue        = {European Conference on Digital Libraries},
  location     = {Lisbon, Portugal},
  url          = {http://nkos.slis.kent.edu/doerr_ecdl00abstract.htm}
}


@inproceedings{ECDLHill2000,
  author       = {Linda Hill},
  title        = {Report on NKOS activities in North America},
  year = {2000},
  venue        = {European Conference on Digital Libraries},
  location     = {Lisbon, Portugal},
}

@inproceedings{ECDLMiller2000,
  author       = {Ken Miller},
  title        = {Having the Right Connections: The Limber Project},
  year = {2000},
  venue        = {European Conference on Digital Libraries},
  location     = {Lisbon, Portugal},
}



