@inproceedings{ECDLSoergel2003,
  author       = {Dagobert Soergel},
  title        = {Report on US NKOS Workshop},
  year    = {2003},
  venue        = {ECDL (European Conference on Digital Libraries)},
  url= {https://web.archive.org/web/20060515075335/http://www.glam.ac.uk/socschool/research/hypermedia/NKOS-workshop%20Folder/Soergel1.ppt},
  location     = {Trondheim, Norway},
}

@inproceedings{ECDLMiles2003,
  author       = {Alistair Miles},
  title        = {Making Thesauri work in the Semantic Web},
  year    = {2003},
  venue        = {ECDL (European Conference on Digital Libraries)},
  url= {https://web.archive.org/web/20060515075335/http://www.glam.ac.uk/socschool/research/hypermedia/NKOS-workshop%20Folder/Miles.ppt},
  location     = {Trondheim, Norway},
}

@inproceedings{ECDLVizineGoetzl2003,
  author       = {Diane Vizine-Goetz},
  title        = {The Terminology Services Project},
  year    = {2003},
  venue        = {ECDL (European Conference on Digital Libraries)},
  url= {https://web.archive.org/web/20060515075335/http://www.glam.ac.uk/socschool/research/hypermedia/NKOS-workshop%20Folder/vizine-goetz.ppt},
  location     = {Trondheim, Norway},
}

@inproceedings{ECDLTansley2003,
  author       = {Robert Tansley},
  title        = {The SIMILE project},
  year    = {2003},
  venue        = {ECDL (European Conference on Digital Libraries)},
  url= {https://web.archive.org/web/20060515075335/http://www.glam.ac.uk/socschool/research/hypermedia/NKOS-workshop%20Folder/Tansley.ppt},
  location     = {Trondheim, Norway},
}

@inproceedings{ECDLS2Vindvad2003,
  author       = {Jens Vindvad},
  title        = {Introducing interoperability with MicroSchemas allowing dynamic validation
of structured information},
  year    = {2003},
  venue        = {ECDL (European Conference on Digital Libraries)},
  url= {https://web.archive.org/web/20060515075335/http://www.glam.ac.uk/socschool/research/hypermedia/NKOS-workshop%20Folder/Vindvad.ppt},
  location     = {Trondheim, Norway},
}

@inproceedings{ECDLs2Koernig2003,
  author       = {Stephan Koernig},
  title        = {A Generic Framework for the Exchange and Usage of Semantically Enriched Information},
  year    = {2003},
  venue        = {ECDL (European Conference on Digital Libraries)},
  url= {https://web.archive.org/web/20060515075335/http://www.glam.ac.uk/socschool/research/hypermedia/NKOS-workshop%20Folder/Koernig.ppt},
  location     = {Trondheim, Norway},
}

@inproceedings{ECDLs2Nielsen2003,
  author       = {Marianne Lykke Nielsen},
  title        = {End-user interaction with corporate digital thesaurus},
  year    = {2003},
  venue        = {ECDL (European Conference on Digital Libraries)},
  url= {https://web.archive.org/web/20060515075335/http://www.glam.ac.uk/socschool/research/hypermedia/NKOS-workshop%20Folder/Nielsen.ppt},
  location     = {Trondheim, Norway},
}

@inproceedings{ECDLIPSoergel2003,
  author       = {Dagobert Soergel},
  title        = {Standards for KOS: present status and future requirements},
  year    = {2003},
  venue        = {ECDL (European Conference on Digital Libraries)},
  url= {https://web.archive.org/web/20060515075335/http://www.glam.ac.uk/socschool/research/hypermedia/NKOS-workshop%20Folder/Soergel2.ppt},
  location     = {Trondheim, Norway},
}

@inproceedings{ECDLIPVizineGoetz2003,
  author       = {Diane Vizine-Goetz},
  title        = {Work of the NISO Thesaurus Revision Advisory Unit},
  year    = {2003},
  venue        = {ECDL (European Conference on Digital Libraries)},
  url= {https://web.archive.org/web/20060515075335/http://www.glam.ac.uk/socschool/research/hypermedia/NKOS-workshop%20Folder/vizine-goetz.rtf},
  location     = {Trondheim, Norway},
}

@inproceedings{ECDLIPClarke2003,
  author       = {Stella Dextre Clarke},
  title        = {BS 8723 : a new British Standard for structured vocabularies},
  year    = {2003},
  venue        = {ECDL (European Conference on Digital Libraries)},
  url= {https://web.archive.org/web/20060515075335/http://www.glam.ac.uk/socschool/research/hypermedia/NKOS-workshop%20Folder/dextre_clarke.ppt},
  location     = {Trondheim, Norway},
}

@inproceedings{ECDLIPShreve2003,
  author       = {Greg Shreve},
  title        = {Terminology Standards: ISO TC 37 and related linguistics work },
  year    = {2003},
  venue        = {ECDL (European Conference on Digital Libraries)},
  url= {https://web.archive.org/web/20060515075335/http://www.glam.ac.uk/socschool/research/hypermedia/NKOS-workshop%20Folder/Shreve.ppt},
  location     = {Trondheim, Norway},
}

@inproceedings{ECDLIPDoerr2003,
  author       = {Martin Doerr},
  title        = {The CIDOC Conceptual Reference Model - a Standard for the Integration of Cultural Information},
  year    = {2003},
  venue        = {ECDL (European Conference on Digital Libraries)},
  url= {https://web.archive.org/web/20060515075335/http://www.glam.ac.uk/socschool/research/hypermedia/NKOS-workshop%20Folder/Doerr.ppt},
  location     = {Trondheim, Norway},
}

@inproceedings{ECDLIPHill2003,
  author       = {Linda Hill},
  title        = {Integration of Knowledge Organization Systems into Digital Library Architectures},
  year    = {2003},
  venue        = {ECDL (European Conference on Digital Libraries)},
  url= {https://web.archive.org/web/20060515075335/http://www.glam.ac.uk/socschool/research/hypermedia/NKOS-workshop%20Folder/Hill.ppt},
  location     = {Trondheim, Norway},
}


