@inproceedings{ECDLIsaac2010,
  author       = {Antoine Isaac},
  title        = {Progress in semantic mapping},
  year    = {2010},
  venue        = {European Conference on Digital Libraries},
  location     = {Glasgow, Scotland},
  url={https://at-web1.comp.glam.ac.uk/pages/research/hypermedia/nkos/nkos2010/presentations/isaac.pdf}
}


@inproceedings{ECDLClarke2010,
  author       = {Stella Dextre Clarke},
  title        = {Types of mapping recommended in ISO 25964, and the question of reciprocity},
  year = {2010},
  venue        = {European Conference on Digital Libraries},
  location     = {Glasgow, Scotland},
  url={https://at-web1.comp.glam.ac.uk/pages/research/hypermedia/nkos/nkos2010/presentations/dextreclarke.pdf}
}

@inproceedings{ECDLBoteram2010,
  author       = {Felix Boteram},
  title        = {Stratified semantic relations: Information retrieval and knowledge exploration in distributed knowledge organization systems},
  year = {2010},
  venue        = {European Conference on Digital Libraries},
  location     = {Glasgow, Scotland},
  url={https://at-web1.comp.glam.ac.uk/pages/research/hypermedia/nkos/nkos2010/abstracts/boteram.pdf}
}

@inproceedings{ECDLMayr2010,
  author       = {Philipp Mayr and Peter Mutschke and Philipp Schaer and and York Sure},
  title        = {Search term recommendation and non-textual ranking evaluated},
  year = {2010},
  venue        = {European Conference on Digital Libraries},
  location     = {Glasgow, Scotland},
  url={https://at-web1.comp.glam.ac.uk/pages/research/hypermedia/nkos/nkos2010/abstracts/mayr.pdf}
}

@inproceedings{ECDLMastora2010,
  author       = {Anna Mastora and Sarantos Kapidakis},
  title        = {Users and KOSs: When Can We Trust Those Two Together for Conceptual Query Expansion?},
  year = {2010},
  venue        = {European Conference on Digital Libraries},
  location     = {Glasgow, Scotland},
  url={https://at-web1.comp.glam.ac.uk/pages/research/hypermedia/nkos/nkos2010/abstracts/mastora.pdf}
}

@inproceedings{ECDLSpiteri2010,
  author       = {Louise Spiteri and Laurel Tarulli and Alyssa Graybeal},
  title        = {The public library catalogue as a social space: Transaction log analysis of user interaction with social discovery systems},
  year = {2010},
  venue        = {European Conference on Digital Libraries},
  location     = {Glasgow, Scotland},
  url={https://at-web1.comp.glam.ac.uk/pages/research/hypermedia/nkos/nkos2010/abstracts/spiteri.pdf}
}

@inproceedings{ECDLManguinhas2010,
  author       = {Hugo Manguinhas and Jos{\'e} Borbinha},
  title        = {Integrating Knowledge Organization Systems Registries with Metadata Registries},
  year = {2010},
  venue        = {European Conference on Digital Libraries},
  location     = {Glasgow, Scotland},
  url={https://at-web1.comp.glam.ac.uk/pages/research/hypermedia/nkos/nkos2010/abstracts/manguinhas.pdf}
}

@inproceedings{ECDLHlava2010,
  author       = {Margie Hlava},
  title        = {Using KOS as a basis for text analytics and trend forecasting},
  year = {2010},
  venue        = {European Conference on Digital Libraries},
  location     = {Glasgow, Scotland},
  url={https://at-web1.comp.glam.ac.uk/pages/research/hypermedia/nkos/nkos2010/abstracts/hlava.pdf}
}

@inproceedings{ECDLHercher2010,
  author       = {Johannes Hercher and Harald Sack},
  title        = {Indexing Audiovisual Heritage in Germany by SKOSification of Existing Vocabularies},
  year = {2010},
  venue        = {European Conference on Digital Libraries},
  location     = {Glasgow, Scotland},
  url={https://at-web1.comp.glam.ac.uk/pages/research/hypermedia/nkos/nkos2010/abstracts/hercher.pdf}
}

@inproceedings{ECDLBinding2010,
  author       = {Ceri Binding and Doug Tudhope},
  title        = {KOS-based tools for archaeological dataset interoperability},
  year = {2010},
  venue        = {European Conference on Digital Libraries},
  location     = {Glasgow, Scotland},
  url={https://at-web1.comp.glam.ac.uk/pages/research/hypermedia/nkos/nkos2010/abstracts/binding.pdf}
}

@inproceedings{ECDLAlbertoni2010,
  author       = {Riccardo Albertoni and Monica De Martino and Franca Giannini},
  title        = {SKOS and semantic web best practice to access terminological resources: NatureSDIPlus and CHRONIOUS hands-on experience},
  year = {2010},
  venue        = {European Conference on Digital Libraries},
  location     = {Glasgow, Scotland},
  url={https://at-web1.comp.glam.ac.uk/pages/research/hypermedia/nkos/nkos2010/abstracts/albertoni.pdf}
}

@inproceedings{ECDLSchandl2010,
  author       = {Thomas Schandl and Andreas Blumauer and Helmut Nagy},
  title        = {Using Linked Data in Thesaurus Management},
  year = {2010},
  venue        = {European Conference on Digital Libraries},
  location     = {Glasgow, Scotland},
  url={https://at-web1.comp.glam.ac.uk/pages/research/hypermedia/nkos/nkos2010/abstracts/schandl.pdf}
}