@inproceedings{ECDLEerola2005,
  author       = {Johanna Eerola and Pertti Vakkari},
  title        = {How a general and a specific thesaurus covers expressions in patients’ questions and physicians},
  year = {2005},
  venue        = {European Conference on Digital Libraries},
  location     = {Vienna, Austria},
  url={https://web.archive.org/web/20110412154648/http://www2.db.dk/nkos2005/Eerola%20-%20Vikkari.pdf}
}

@inproceedings{ECDLSanatjoo2005,
  author       = {Azam Sanatjoo},
  title        = {User’s perception with work task oriented thesaurus design},
  year = {2005},
  venue        = {European Conference on Digital Libraries},
  location     = {Vienna, Austria},
  url={https://web.archive.org/web/20110412154648/http://www2.db.dk/nkos2005/Azam%20Sanatjoo.pdf}
}

@inproceedings{ECDLNielsenWeaver2005,
  author       = {Marianne Lykke Nielsen, Mathew Weaver, Lois Delcambre , and Tim Tolle},
  title        = {Enhancing domain-specific digital library with facilities for vocabulary exploration},
  year = {2005},
  venue        = {European Conference on Digital Libraries},
  location     = {Vienna, Austria},
  url={https://web.archive.org/web/20110412154648/http://www2.db.dk/nkos2005/Nielsen_Weaver_mfl.pdf}
}


@inproceedings{ECDLAlistairMiles2005,
  author       = {Alistair Miles, Brian Mattews and Michael Wilson},
  title        = {NKOS issues in W3C’s Simple Knowledge Organisation System (SKOS)},
  year = {2005},
  venue        = {European Conference on Digital Libraries},
  location     = {Vienna, Austria},
  url={https://web.archive.org/web/20110412154648/http://www2.db.dk/nkos2005/miles_matthews_wilson.pdf}
}

@inproceedings{ECDLMargheritaSini2005,
  author       = {Margherita Sini},
  title        = {The specification of a mapping schema linking the Chinese agricultural thesaurus to AGROVOC},
  year = {2005},
  venue        = {European Conference on Digital Libraries},
  location     = {Vienna, Austria},
  url={https://web.archive.org/web/20110412154648/http://www2.db.dk/nkos2005/Margherita%20Sini.pdf}
}

@inproceedings{ECDLRJBater2005,
  author       = {R J Bater},
  title        = {Third order knowledge mapping},
  year = {2005},
  venue        = {European Conference on Digital Libraries},
  location     = {Vienna, Austria},
  url={https://web.archive.org/web/20110412154648/http://www2.db.dk/nkos2005/Bob%20Bater.pdf}
}

@inproceedings{ECDLPeterScheir2005,
  author       = {Peter Scheir, Stefanie Lindstaedt and Mathias Lux},
  title        = {Associative retrieval over different knowledge organisation systems},
  year = {2005},
  venue        = {European Conference on Digital Libraries},
  location     = {Vienna, Austria},
  url={https://web.archive.org/web/20110412154648/http://www2.db.dk/nkos2005/Scheir_Lux_Lindstaedt.pdf}
}

@inproceedings{ECDLClarke2005,
  author       = {Stella Dextre Clarke and Luke House},
  title        = {Revision and extension of thesaurus standards},
  year = {2005},
  venue        = {European Conference on Digital Libraries},
  location     = {Vienna, Austria},
  url={https://web.archive.org/web/20110412154648/http://www2.db.dk/nkos2005/Stella_Dextre_Clarke.pdf}
}

@inproceedings{ECDLEdwardAFox2005,
  author       = {Edward A. Fox, Baoping Zhang and Ryan Richardson},
  title        = {Networked knowledge organisation for the networked digital library of theses and dissertations},
  year = {2005},
  venue        = {European Conference on Digital Libraries},
  location     = {Vienna, Austria},
  url={https://web.archive.org/web/20110412154648/http://www2.db.dk/nkos2005/Fox-Zhang-Richardson.pdf}
}

@inproceedings{ECDLCassel2005,
  author       = {Lillian Cassel},
  title        = {Supporting the development of the union of computing disciplines},
  year = {2005},
  venue        = {European Conference on Digital Libraries},
  location     = {Vienna, Austria},
  url={https://web.archive.org/web/20110412154648/http://www2.db.dk/nkos2005/Boots%20Cassel.pdf}
}

@inproceedings{ECDLFalquet2005,
  author       = {Gilles Falquet, Luka Nerima, Claire-Lise Mottaz Jiang and Jean-Claude Ziswiler},
  title        = {Building virtual documents by integrating hyperbooks},
  year = {2005},
  venue        = {European Conference on Digital Libraries},
  location     = {Vienna, Austria},
  url={https://web.archive.org/web/20110412154648/http://www2.db.dk/nkos2005/Ziswiler.pdf}
}
