@inproceedings{SPMayr2016,
  author       = {Philipp Mayr, Douglas Tudhope, Stella Dextre Clarke, Marcia Lei Zeng, Xia Lin},
  title        = {Recent applications of Knowledge Organization Systems: introduction to a special issue},
  year    = {2016},
  booktitle = {International Journal on Digital Libraries},
  url={http://link.springer.com/article/10.1007/s00799-015-0167-x}
}

@inproceedings{SPBinding2016,
  author       = {Ceri Binding, Douglas Tudhope},
  title        = {Improving interoperability using vocabulary linked data},
  year    = {2016},
  booktitle = {International Journal on Digital Libraries},
  url={http://link.springer.com/article/10.1007/s00799-015-0166-y}
}

@inproceedings{SPChen2016,
  author       = {Shu-jiun Chen, Marcia Lei Zeng, Hsueh-hua Chen},
  title        = {Alignment of conceptual structures in controlled vocabularies in the domain of Chinese art: a discussion of issues and patterns},
  year    = {2016},
  booktitle = {International Journal on Digital Libraries},
  url={http://link.springer.com/article/10.1007/s00799-015-0163-1}
}

@inproceedings{SPAlexiev2016,
  author       = {Vladimir Alexiev, Antoine Isaac, Jutta Lindenthal},
  title        = {On the composition of ISO 25964 hierarchical relations (BTG, BTP, BTI)},
  year    = {2016},
  booktitle = {International Journal on Digital Libraries},
  url={http://link.springer.com/article/10.1007/s00799-015-0162-2}
}

@inproceedings{SPShaw2016,
  author       = {Ryan Shaw, Adam Rabinowitz, Patrick Golden, Eric Kansa},
  title        = {A sharing-oriented design strategy for networked knowledge organization systems},
  year    = {2016},
  booktitle = {International Journal on Digital Libraries},
  url={http://link.springer.com/article/10.1007/s00799-015-0164-0}
}

@inproceedings{SPNiccolucci2016,
  author       = {Franco Niccolucci, Sorin Hermon},
  title        = {Representing gazetteers and period thesauri in four-dimensional space-time},
  year    = {2016},
  booktitle = {International Journal on Digital Libraries},
  url={http://link.springer.com/article/10.1007/s00799-015-0159-x}
}

@inproceedings{SPRonzino2016,
  author       = {Paola Ronzino, Franco Niccolucci, Achille Felicetti, Martin Doerr},
  title        = {CRMba a CRM extension for the documentation of standing buildings},
  year    = {2016},
  booktitle = {International Journal on Digital Libraries},
  url={http://link.springer.com/article/10.1007/s00799-015-0160-4}
}