@inproceedings{SPVizineGoetz2004,
  author       = {Diane Vizine-Goetz and Carol Hickey and Andrew Houghton and Roger Thompson},
  editor       = {Douglas Tudhope and Traugott Koch},
  title        = {Vocabulary Mapping for Terminology Services},
  year    = {2004},
  booktitle = {New Applications of Knowledge Organization Systems: introduction to a special issue},
  url={https://journals.tdl.org/jodi/index.php/jodi/article/view/114}
}


@inproceedings{SPVeltman2004,
  author       = {Kim H. Veltman},
  editor       = {Douglas Tudhope and Traugott Koch},
  title        = {Towards a Semantic Web for Culture},
  year = {2004},
  booktitle = {New Applications of Knowledge Organization Systems: introduction to a special issue},
  url={https://journals.tdl.org/jodi/index.php/jodi/article/view/113}
}

@inproceedings{SPSoergel2004,
  author       = {Dagobert Soergel and Boris Lauser and Anita Liang and Frehiwot Fisseha and Johannes Keizer and Stephen Katz},
  editor       = {Douglas Tudhope and Traugott Koch},
  title        = {Reengineering Thesauri for New Applications: the AGROVOC Example},
  year = {2004},
  booktitle = {New Applications of Knowledge Organization Systems: introduction to a special issue},
  url={https://journals.tdl.org/jodi/index.php/jodi/article/view/112}
}

@inproceedings{SPTerenceRSmith2004,
  author       = {Terence R. Smith and Marcia L. Zeng},
  editor       = {Douglas Tudhope and Traugott Koch},
  title        = {Building Semantic Tools for Concept-based Learning Spaces: Knowledge Bases of Strongly-Structured Models for Scientific Concepts in Advanced Digital Libraries},
  year = {2004},
  booktitle = {New Applications of Knowledge Organization Systems: introduction to a special issue},
  url={https://journals.tdl.org/jodi/index.php/jodi/article/view/111}
}

@inproceedings{SPCeriBinding2004,
  author       = {Ceri Binding and Douglas Tudhope},
  editor       = {Douglas Tudhope and Traugott Koch},
  title        = {KOS at your Service: Programmatic Access to Knowledge Organisation Systems},
  year = {2004},
  booktitle = {New Applications of Knowledge Organization Systems: introduction to a special issue},
  url={https://journals.tdl.org/jodi/index.php/jodi/article/view/110}
}
