@inproceedings{SPTudhope2006,
  author       = {Douglas Tudhope , Marianne Lykke Nielsen},
  title        = {Introduction to Knowledge Organization Systems and Services},
  year    = {2006},
  booktitle = {New Review of Hypermedia and Multimedia},
  doi = {10.1080/13614560600856433}
  url={http://www.tandfonline.com/doi/full/10.1080/13614560600856433}
}

@inproceedings{SPGolub2006,
  author       = {Koraljka Golub},
  title        = {Automated subject classification of textual Web pages, based on a controlled vocabulary: Challenges and recommendations},
  year    = {2006},
  booktitle = {New Review of Hypermedia and Multimedia},
  doi = {10.1080/13614560600774313}
  url={http://www.tandfonline.com/doi/full/10.1080/13614560600774313}
}

@inproceedings{SPNavarretta2006,
  author       = {Costanza Navarretta, Bolette Sandford Pedersen and Dorte Haltrup Hansen},
  title        = {Language technology in knowledge-organization systems},
  year    = {2006},
  booktitle = {New Review of Hypermedia and Multimedia},
  doi = {10.1080/13614560600787984}
  url={http://www.tandfonline.com/doi/abs/10.1080/13614560600787984}
}

@inproceedings{SPLiang2006,
  author       = {A. C. Liang and M. Sini},
  title        = {Mapping AGROVOC and the Chinese Agricultural Thesaurus: Definitions, tools, procedures},
  year    = {2006},
  booktitle = {New Review of Hypermedia and Multimedia},
  doi = {10.1080/13614560600774396}
  url={http://www.tandfonline.com/doi/full/10.1080/13614560600774396}
}

@inproceedings{SPGnoli2006,
  author       = {Claudio Gnoli and Hong Mei},
  title        = {Freely faceted classification for Web-based information retrieval},
  year    = {2006},
  booktitle = {New Review of Hypermedia and Multimedia},
  doi = {10.1080/13614560600758944}
  url={http://www.tandfonline.com/doi/abs/10.1080/13614560600758944}
}

@inproceedings{SPTrant2006,
  author       = {J. Trant and with the participants in the steve.museum project},
  title        = {Exploring the potential for social tagging and folksonomy in art museums: Proof of concept},
  year    = {2006},
  booktitle = {New Review of Hypermedia and Multimedia},
  doi = {10.1080/13614560600802940}
  url={http://www.tandfonline.com/doi/abs/10.1080/13614560600802940}
}
