@inproceedings{SPMiller2001,
  author       = {Ken Miller and Brian Matthews},
  editor       = {Linda Hill, and Traugott Koch},
  title        = {Having the right connections: the LIMBER project},
  year    = {2001},
  booktitle = {Networked Knowledge Organization Systems: introduction to a special issue},
  url={https://journals.tdl.org/jodi/index.php/jodi/article/view/34/35}
}

@inproceedings{SPTudhope2001,
  author       = {Douglas Tudhope, Harith Alani, Christopher Jones},
  editor       = {Linda Hill, and Traugott Koch},
  title        = {Augmenting thesaurus relationships: possibilities for retrieval},
  year    = {2001},
  booktitle = {Networked Knowledge Organization Systems: introduction to a special issue},
  url={https://journals.tdl.org/jodi/index.php/jodi/article/view/181/160}
}

@inproceedings{SPDoerr2001,
  author       = {Martin Doerr},
  editor       = {Linda Hill, and Traugott Koch},
  title        = {Semantic Problems of Thesaurus Mapping},
  year    = {2001},
  booktitle = {Networked Knowledge Organization Systems: introduction to a special issue},
  url={https://journals.tdl.org/jodi/index.php/jodi/article/view/31}
}

@inproceedings{SPHunter2001,
  author       = {Jane Hunter},
  editor       = {Linda Hill, and Traugott Koch},
  title        = {MetaNet - A Metadata Term Thesaurus to Enable Sematic Interoperability between Metadata Domains},
  year    = {2001},
  booktitle = {Networked Knowledge Organization Systems: introduction to a special issue},
  url={https://journals.tdl.org/jodi/index.php/jodi/article/view/33/34}
}

@inproceedings{SPCranefield2001,
  author       = {Stephen Cranefield},
  editor       = {Linda Hill, and Traugott Koch},
  title        = {Networked knowledge representation and exchange using UML and RDF},
  year    = {2001},
  booktitle = {Networked Knowledge Organization Systems: introduction to a special issue},
  url={https://journals.tdl.org/jodi/index.php/jodi/article/view/30}
}

