@inproceedings{Mayr2016,
	address = {Hannover, Germany},
	author = {Mayr, Philipp and Tudhope, Douglas and Golub, Koraljka and Wartena, Christian and {De Luca}, Ernesto William},
	booktitle = {Proc. of the 15th European Networked Knowledge Organization Systems Workshop (NKOS 2016)},
	pages = {1--6},
	publisher = {CEUR-WS.org},
	title = {{Editorial of the 15th European Networked Knowledge Organization Systems Workshop (NKOS 2016)}},
	url = {http://ceur-ws.org/Vol-1676/editorial.pdf},
	year = {2016}
}

@inproceedings{Gnoli2016,
	address = {Hannover, Germany},
	author = {Gnoli, Claudio and Pusterla, Laura and Bendiscioli, Anna and Recinella, Cristina},
	booktitle = {Proc. of the 15th European Networked Knowledge Organization Systems Workshop (NKOS 2016)},
	publisher = {CEUR-WS.org},
	title = {{Classification for collections mapping and query expansion}},
	url = {http://ceur-ws.org/Vol-1676/paper3.pdf},
	year = {2016}
}
@inproceedings{Husevag2016,
	address = {Hannover, Germany},
	author = {Husev{\aa}g, Anne-Stine Ruud},
	booktitle = {Proc. of the 15th European Networked Knowledge Organization Systems Workshop (NKOS 2016)},
	publisher = {CEUR-WS.org},
	title = {{Named entities in indexing: A case study of TV subtitles and metadata records}},
	url = {http://ceur-ws.org/Vol-1676/paper6.pdf},
	year = {2016}
}
@inproceedings{Manguinhas2016,
	address = {Hannover, Germany},
	author = {Manguinhas, Hugo and Charles, Valentine and Isaac, Antoine and Miles, Tom and Lima, Aude and N{\'{e}}roulidis, Ariane and Ginouv{\`{e}}s, V{\'{e}}ronique and Atsidis, Dimitra and Hildebrand, Michiel and Brinkerink, Maarten and Gordea, Sergiu},
	booktitle = {Proc. of the 15th European Networked Knowledge Organization Systems Workshop (NKOS 2016)},
	publisher = {CEUR-WS.org},
	title = {{Linking subject labels in Cultural Heritage Metadata to MIMO vocabulary using CultuurLink}},
	url = {http://ceur-ws.org/Vol-1676/paper4.pdf},
	year = {2016}
}
@inproceedings{Momeni2016,
	address = {Hannover, Germany},
	author = {Momeni, Fakhri and Mayr, Philipp},
	booktitle = {Proc. of the 15th European Networked Knowledge Organization Systems Workshop (NKOS 2016)},
	publisher = {CEUR-WS.org},
	title = {{Analyzing the research output presented at European Networked Knowledge Organization Systems workshops (2000-2015)}},
	url = {http://ceur-ws.org/Vol-1676/paper1.pdf},
	year = {2016}
}
@inproceedings{Suchowolec2016,
	address = {Hannover, Germany},
	author = {Suchowolec, Karolina and Lang, Christian and Schneider, Roman},
	booktitle = {Proc. of the 15th European Networked Knowledge Organization Systems Workshop (NKOS 2016)},
	publisher = {CEUR-WS.org},
	title = {{Re-designing Online Terminology Resources for German Grammar}},
	url = {http://ceur-ws.org/Vol-1676/paper7.pdf},
	year = {2016}
}
@inproceedings{Vieira2016,
	address = {Hannover, Germany},
	author = {Vieira, Simone and de Brito, Marc{\'{i}}lio and {Mustafa El Hadi}, Widad and Zumer, Maja},
	booktitle = {Proc. of the 15th European Networked Knowledge Organization Systems Workshop (NKOS 2016)},
	publisher = {CEUR-WS.org},
	title = {{Developing imaged KOS with the FRSAD model: a conceptual methodology}},
	url = {http://ceur-ws.org/Vol-1676/paper5.pdf},
	year = {2016}
}
@inproceedings{Vo√ü2016,
	address = {Hannover, Germany},
	author = {Vo{\ss}, Jakob},
	booktitle = {Proc. of the 15th European Networked Knowledge Organization Systems Workshop (NKOS 2016)},
	publisher = {CEUR-WS.org},
	title = {{Classification of Knowledge Organization Systems with Wikidata}},
	url = {http://ceur-ws.org/Vol-1676/paper2.pdf},
	year = {2016}
}
