@inproceedings{TPDLLedl2015,
  author       = {Andreas Ledl},
  title        = {Demonstration of the BAsel Register of Thesauri, Ontologies and Classifications (BARTOC)},
  year    = {2015},
  venue        = {Theory and Practice of Digital Libraries},
  location     = {Pozna{\'n}, Poland},
  url = {https://at-web1.comp.glam.ac.uk/pages/research/hypermedia/nkos/nkos2015/content/NKOS2015-abstract-ledl.pdf}
}

@inproceedings{TPDLBalakrishnan2015,
  author       = {Uma Balakrishnan, Jakob Vo{\ss}},
  title        = {The Cocoda Mapping Tool},
  year    = {2015},
  venue        = {Theory and Practice of Digital Libraries},
  location     = {Pozna{\'n}, Poland},
  url = {https://at-web1.comp.glam.ac.uk/pages/research/hypermedia/nkos/nkos2015/content/NKOS2015-abstract-balakrishnan.pdf}
}

@inproceedings{TPDLKempf2015,
  author       = {Andreas Oskar Kempf, Joachim Neubert},
  title        = {The missing link: a terminology mapping effort in economics},
  year    = {2015},
  venue        = {Theory and Practice of Digital Libraries},
  location     = {Pozna{\'n}, Poland},
  url = {https://at-web1.comp.glam.ac.uk/pages/research/hypermedia/nkos/nkos2015/content/NKOS2015-abstract-kempf.pdf}
}

@inproceedings{TPDLTudhope2015,
  author       = {Douglas Tudhope, Ceri Binding},
  title        = {Mapping between linked data vocabularies in ARIADNE},
  year    = {2015},
  venue        = {Theory and Practice of Digital Libraries},
  location     = {Pozna{\'n}, Poland},
  url = {https://at-web1.comp.glam.ac.uk/pages/research/hypermedia/nkos/nkos2015/content/NKOS2015-abstract-tudhope.pdf}
}

@inproceedings{TPDLStahn2015,
  author       = {Lena-Luise Stahn},
  title        = {Ontology Matching for archaeological KOS},
  year    = {2015},
  venue        = {Theory and Practice of Digital Libraries},
  location     = {Pozna{\'n}, Poland},
  url = {https://at-web1.comp.glam.ac.uk/pages/research/hypermedia/nkos/nkos2015/content/NKOS2015-abstract-stahn.pdf}
}

@inproceedings{TPDLNiccolucci2015,
  author       = {Franco Niccolucci},
  title        = {Linking theory with practice: CIDOC CRM-based gazetteers and time-period thesauri},
  year    = {2015},
  venue        = {Theory and Practice of Digital Libraries},
  location     = {Pozna{\'n}, Poland},
  url = {https://at-web1.comp.glam.ac.uk/pages/research/hypermedia/nkos/nkos2015/content/NKOS2015-abstract-niccolucci.pdf}
}
@inproceedings{TPDLShaw2015,
  author       = {Ryan Shaw, Adam Rabinowitz, Patrick Golden, Eric Kansa},
  title        = {Report on and demonstration of the PeriodO period gazetteer},
  year    = {2015},
  venue        = {Theory and Practice of Digital Libraries},
  location     = {Pozna{\'n}, Poland},
  url = {https://at-web1.comp.glam.ac.uk/pages/research/hypermedia/nkos/nkos2015/content/NKOS2015-abstract-shaw.pdf}
}












