@inproceedings{Lin2012,
  author       = {Xia Lin, Dagobert Soergel and Murtha Baca},
  title        = {Meaningful Concept Displays: The First Step},
  year    = {2012},
  venue        = {Theory and Practice of Digital Libraries)},
  location     = {Paphos, Cyprus},
  url= {https://at-web1.comp.glam.ac.uk/pages/research/hypermedia/nkos/nkos2012/abstracts/Xia.pdf}
}

@inproceedings{Dupriez2012,
  author       = {Christophe Dupriez},
  title        = {Applying the complementarities of SKOS and RSS to Create a General and Unified Search User Interface over Multiple Existing Information Sources: the case of ASKOSI/GLISP},
  year    = {2012},
  venue        = {Theory and Practice of Digital Libraries)},
  location     = {Paphos, Cyprus},
  url= {https://at-web1.comp.glam.ac.uk/pages/research/hypermedia/nkos/nkos2012/abstracts/Dupriez.pdf}
}

@inproceedings{Tudhope2012,
  author       = {Douglas Tudhope},
  title        = {Overview/update on ISO-25964 Thesaurus Standard},
  year    = {2012},
  venue        = {Theory and Practice of Digital Libraries)},
  location     = {Paphos, Cyprus},
  url= {https://at-web1.comp.glam.ac.uk/pages/research/hypermedia/nkos/nkos2012/presentations/NKOS-ISO25964Update2012.ppt}
}

@inproceedings{Smedt2012,
  author       = {Johan De Smedt},
  title        = {Exchanging ISO 25964-1 thesauri data using RDF, SKOS and SKOS-XL},
  year    = {2012},
  venue        = {Theory and Practice of Digital Libraries)},
  location     = {Paphos, Cyprus},
  url= {https://at-web1.comp.glam.ac.uk/pages/research/hypermedia/nkos/nkos2012/presentations/ISO25964-mapping-to-SKOS-XL.pptx}
}

@inproceedings{Lindenthal2012,
  author       = {Jutta Lindenthal},
  title        = {Ambiguities in representing thesauri using extended SKOS - examples from real life},
  year    = {2012},
  venue        = {Theory and Practice of Digital Libraries)},
  location     = {Paphos, Cyprus},
  url= {https://at-web1.comp.glam.ac.uk/pages/research/hypermedia/nkos/nkos2012/presentations/TPDL2012_NKOS_Ambiguities_R1.pdf}
}

@inproceedings{Khoo2012,
  author       = {Michael Khoo, Douglas Tudhope and Ceri Binding},
  title        = {Extracting Dewey Decimal Classifications from Dublin Core Metadata Records With the DISTIL Project: Preliminary Findings and Observations},
  year    = {2012},
  venue        = {Theory and Practice of Digital Libraries)},
  location     = {Paphos, Cyprus},
  url= {https://at-web1.comp.glam.ac.uk/pages/research/hypermedia/nkos/nkos2012/abstracts/Khoo.pdf}
}

@inproceedings{L\"uke2012,
  author       = {Thomas Lüke, Wilko van Hoek, Philipp Schaer, Philipp Mayr},
  title        = {Creation of custom KOS-based recommendation systems},
  year    = {2012},
  venue        = {Theory and Practice of Digital Libraries)},
  location     = {Paphos, Cyprus},
  url= {https://at-web1.comp.glam.ac.uk/pages/research/hypermedia/nkos/nkos2012/abstracts/Luke.pdf}
}

@inproceedings{Lavrenova2012,
  author       = {Olga Lavrenova},
  title        = {The National Library Bibliographic Classification (BBK) as a Base for Subject Search in the Integrated RSL Digital Library},
  year    = {2012},
  venue        = {Theory and Practice of Digital Libraries)},
  location     = {Paphos, Cyprus},
  url= {https://at-web1.comp.glam.ac.uk/pages/research/hypermedia/nkos/nkos2012/abstracts/Lavrenova.pdf}
}

@inproceedings{Mateos2012,
  author       = {David Rodríguez Mateos, Gema Bueno de la Fuente, Jane Greenberg, Liliana Melgar, Nancy Gómez, Craig Willis, Eva Méndez, Joan Boone},
  title        = {Demonstrating HIVE and HIVE-ES: Supporting Term Browsing and Automatic Text Indexing with Linked Open Vocabularies},
  year    = {2012},
  venue        = {Theory and Practice of Digital Libraries)},
  location     = {Paphos, Cyprus},
  url= {https://at-web1.comp.glam.ac.uk/pages/research/hypermedia/nkos/nkos2012/abstracts/RodriguezMateos.pdf}
}
