@inproceedings{TPDLBuzydlowski2013,
  author       = {Jan Buzydlowski, Lillian Cassel, Xia Lin},
  title        = {Visualization of Candidate Terms for Classification of Papers},
  year    = {2013},
  venue        = {Theory and Practice of Digital Libraries},
  location     = {Valletta, Malta},
  url = {https://at-web1.comp.glam.ac.uk/pages/research/hypermedia/nkos/nkos2013/content/NKOS2013_buzydlowski.pdf}
}
@inproceedings{TPDLBinding2013,
  author       = {Ceri Binding, Douglas Tudhope, Jae-wook Ahn, Michael Khoo, Xia Lin , Diana Massam, Hilary Jones},
  title        = {Digging into Metadata},
  year    = {2013},
  venue        = {Theory and Practice of Digital Libraries},
  location     = {Valletta, Malta},
  url = {https://at-web1.comp.glam.ac.uk/pages/research/hypermedia/nkos/nkos2013/content/NKOS2013_khoo.pdf}
}
@inproceedings{TPDLWhite2013,
  author       = {Howard D. White, Philipp Mayr},
  title        = {Pennants for Descriptors},
  year    = {2013},
  venue        = {Theory and Practice of Digital Libraries},
  location     = {Valletta, Malta},
  url = {https://at-web1.comp.glam.ac.uk/pages/research/hypermedia/nkos/nkos2013/content/NKOS2013_white_mayr.pdf}
}
@inproceedings{TPDLIndarto2013,
  author       = {Eko Indarto, Andrea Scharnhorst, Marat Charlaganov},
  title        = {An Extensible Recommendation System to support Trusted Digital Repositories},
  year    = {2013},
  venue        = {Theory and Practice of Digital Libraries},
  location     = {Valletta, Malta},
  url = {https://at-web1.comp.glam.ac.uk/pages/research/hypermedia/nkos/nkos2013/content/NKOS2013_indarto.pdf}
}
@inproceedings{TPDLMayr2013,
  author       = {Philipp Mayr, Thomas LÃ¼ke, Philipp Schaer},
  title        = {Demonstrating a Framework for KOS-based Recommendations Systems},
  year    = {2013},
  venue        = {Theory and Practice of Digital Libraries},
  location     = {Valletta, Malta},
  url = {https://at-web1.comp.glam.ac.uk/pages/research/hypermedia/nkos/nkos2013/content/NKOS2013_mayr_luke_schaer.pdf}
}
@inproceedings{TPDLScharnhorst2013,
  author       = {Andrea Scharnhorst},
  title        = {Introduction to the COST action KNOWeSCAPE: Knowledge Maps and Graphical enhanced Information Retrieval},
  year    = {2013},
  venue        = {Theory and Practice of Digital Libraries},
  location     = {Valletta, Malta},
  url = {http://de.slideshare.net/AndreaScharnhorst/knowescape-cost-action-td1210-at-the}
}
@inproceedings{TPDLLaaboudi2013,
  author       = {Christine Laaboudi-Spoiden},
  title        = {Interoperability and collaborative thesaurus management between EU multilingual thesauri},
  year    = {2013},
  venue        = {Theory and Practice of Digital Libraries},
  location     = {Valletta, Malta},
  url = {https://at-web1.comp.glam.ac.uk/pages/research/hypermedia/nkos/nkos2013/content/NKOS2013_christine.pdf}
}









