@inproceedings{Qin2016,
location = {Copenhagen, Denmark},
venue        = {International Conference on Dublin Core and Metadata Applications},
author = {Jian Qin and Marcia Lei Zeng},
booktitle = {16th European Networked Knowledge Organization Systems (NKOS) Workshop},
title = {{Linking Bioinformatics Research Data and Publications through Metadata and KOS}},
url = {https://at-web1.comp.glam.ac.uk/pages/research/hypermedia/nkos/nkos2016-dc/content/2016NKOSQinZeng.pdf},
year = {2016}
}

@inproceedings{Ahlfeldt2016,
location = {Copenhagen, Denmark},
venue        = {International Conference on Dublin Core and Metadata Applications},
author = {Johan {\AA}hlfeldt},
booktitle = {16th European Networked Knowledge Organization Systems (NKOS) Workshop},
title = {{KOS in Humanities Research and Cultural Heritage Collections}},
url = {https://at-web1.comp.glam.ac.uk/pages/research/hypermedia/nkos/nkos2016-dc/content/2016NKOSAhlfeldt.pdf},
year = {2016}
}

@inproceedings{Kando2016,
location = {Copenhagen, Denmark},
venue        = {International Conference on Dublin Core and Metadata Applications},
author = {Noriko Kando},
booktitle = {16th European Networked Knowledge Organization Systems (NKOS) Workshop},
title = {{KOS in Information Retrieval Experiments}},
year = {2016}
}

@inproceedings{Busch2016,
location = {Copenhagen, Denmark},
venue        = {International Conference on Dublin Core and Metadata Applications},
author = {Joseph Busch and Vivian Bliss},
booktitle = {16th European Networked Knowledge Organization Systems (NKOS) Workshop},
title = {{KOS Design for Healthcare Decision-making Based on Consumer Criteria and User Stories}},
url = {https://at-web1.comp.glam.ac.uk/pages/research/hypermedia/nkos/nkos2016-dc/content/2016NKOS.DC.Busch.Paper.pdf},
year = {2016}
}

@inproceedings{Frosterus2016,
location = {Copenhagen, Denmark},
venue        = {International Conference on Dublin Core and Metadata Applications},
author = {Matias Frosterus and Mikko Lappalainen},
booktitle = {16th European Networked Knowledge Organization Systems (NKOS) Workshop},
title = {{National Library as a Public Sector Metadata Curator - The Finto Ontology Infrastructure}},
url = {https://at-web1.comp.glam.ac.uk/pages/research/hypermedia/nkos/nkos2016-dc/content/2016NKOSFrosterusEtAl.pdf},
year = {2016}
}

@inproceedings{Vo√ü2016,
location = {Copenhagen, Denmark},
venue        = {International Conference on Dublin Core and Metadata Applications},
author = {Jakob Vo{\ss} and Andreas Ledl},
booktitle = {16th European Networked Knowledge Organization Systems (NKOS) Workshop},
title = {{Interoperability of KOS Metadata Schemas in BARTOC and JSKOS}},
url = {https://at-web1.comp.glam.ac.uk/pages/research/hypermedia/nkos/nkos2016-dc/content/2016NKOSVossLedl.pdf},
year = {2016}
}

@inproceedings{Talleras2016,
location = {Copenhagen, Denmark},
venue        = {International Conference on Dublin Core and Metadata Applications},
author = {Kim Taller{\aa}s},
booktitle = {16th European Networked Knowledge Organization Systems (NKOS) Workshop},
title = {{Subject Data in National Bibliographies Published as Linked Data}},
url = {https://at-web1.comp.glam.ac.uk/pages/research/hypermedia/nkos/nkos2016-dc/content/2016NKOSTalleras.pdf},
year = {2016}
}

@inproceedings{Lin2016,
location = {Copenhagen, Denmark},
venue        = {International Conference on Dublin Core and Metadata Applications},
author = {Haiqing Lin},
booktitle = {16th European Networked Knowledge Organization Systems (NKOS) Workshop},
title = {{Publishing Pre-modern Chinese Classification Schemes as Linked Data: An Experiment Report}},
url = {https://at-web1.comp.glam.ac.uk/pages/research/hypermedia/nkos/nkos2016-dc/content/2016NKOSLin.pdf},
year = {2016}
}

@inproceedings{Eman2016,
location = {Copenhagen, Denmark},
venue        = {International Conference on Dublin Core and Metadata Applications},
author = {Jay Ven Eman},
booktitle = {16th European Networked Knowledge Organization Systems (NKOS) Workshop},
title = {{Cost-Benefits of Applying Controlled Vocabularies}},
url = {https://at-web1.comp.glam.ac.uk/pages/research/hypermedia/nkos/nkos2016-dc/content/2016NKOS.DC.VenEman.pdf},
year = {2016}
}
