@inproceedings{ECDLLauser2006,
  author       = {Boris Lauser and Margherita Sini and Anita Liang and Johannes Keizer and Stephen Katz},
  title        = {AGROVOC and the OWL Web Ontology Language: the Agriculture Ontology Service - Concept Server OWL model},
  year    = {2006},
  venue        = {European Conference on Digital Libraries},
  location     = {Alicante, Spain},
  url= {https://at-web1.comp.glam.ac.uk/pages/research/hypermedia/nkos/nkos2006/papers/abstracts.html#lauser}
}


@inproceedings{ECDLNicholson2006,
  author       = {Dennis Nicholson and Emma McCulloch},
  title        = {Design of a Pilot SRW-compliant Terminologies Mapping Service (HILT)},
  year = {2006},
  venue        = {European Conference on Digital Libraries},
  location     = {Alicante, Spain},
  url= {https://at-web1.comp.glam.ac.uk/pages/research/hypermedia/nkos/nkos2006/papers/abstracts.html#nicholson}
}

@inproceedings{ECDLPrice2006,
  author       = {Susan Price and Marianne Lykke Nielsen and Lois Delcambre},
  title        = {The Feasibility of Using the Semantic Components Model for Indexing Documents in Digital Libraries},
  year = {2006},
  venue        = {European Conference on Digital Libraries},
  location     = {Alicante, Spain},
  url= {https://at-web1.comp.glam.ac.uk/pages/research/hypermedia/nkos/nkos2006/papers/abstracts.html#price}
  
}

@inproceedings{ECDLFalquet2006,
  author  = {Gilles Falquet and Luca Nerima and Claire-Lise Mottaz Jiang and Jean-Claude Ziswiler},
  title  = {Integrating Semi-formal Knowledge Organization Structures},
  year = {2006},
  venue        = {European Conference on Digital Libraries},
  location     = {Alicante, Spain},
  url= {https://at-web1.comp.glam.ac.uk/pages/research/hypermedia/nkos/nkos2006/papers/abstracts.html#falquet}
}

@inproceedings{ECDLVoss2006,
  author       = {Jakob Vo√ü},
  title        = {Knowledge Organization with Wikipedia - Joining the Free Encyclopaedia and Digital Libraries},
  year = {2006},
  venue        = {European Conference on Digital Libraries},
  location     = {Alicante, Spain},
  url= {https://at-web1.comp.glam.ac.uk/pages/research/hypermedia/nkos/nkos2006/papers/abstracts.html#voss}
}

@inproceedings{ECDLKruk2006,
  author       = {Sebastian Kruk and Bernhard Haslhofer and Piotr Piotrowski and Adam Westerski and Tomasz Woroniecki},
  title        = {Role of Ontologies in Semantic Digital Libraries},
  year = {2006},
  venue        = {European Conference on Digital Libraries},
  location     = {Alicante, Spain},
  url= {https://at-web1.comp.glam.ac.uk/pages/research/hypermedia/nkos/nkos2006/papers/abstracts.html#kruk}
}

@inproceedings{ECDLMiles2006,
  author       = {Alistair Miles},
  title        = {A Theory of Retrieval Using Structured Vocabularies},
  year = {2006},
  venue        = {European Conference on Digital Libraries},
  location     = {Alicante, Spain},
  url= {https://at-web1.comp.glam.ac.uk/pages/research/hypermedia/nkos/nkos2006/papers/abstracts.html#miles}
}

@inproceedings{ECDLTudhope2006,
  author       = {Douglas Tudhope},
  title        = {A tentative typology of KOS: towards a KOS of KOS?},
  year = {2006},
  venue        = {European Conference on Digital Libraries},
  location     = {Alicante, Spain},
  url= {https://at-web1.comp.glam.ac.uk/pages/research/hypermedia/nkos/nkos2006/papers/abstracts.html#tudhope}
}

@inproceedings{ECDLNielsen2006,
  author       = {Marianne Lykke Nielsen and Anna Gjerluf Eslau},
  title        = {Indexing challenges in work place information retrieval},
  year = {2006},
  venue        = {European Conference on Digital Libraries},
  location     = {Alicante, Spain},
  url= {https://at-web1.comp.glam.ac.uk/pages/research/hypermedia/nkos/nkos2006/papers/abstracts.html#nielsen}
}

@inproceedings{ECDLClarke2006,
  author       = {Stella Dextre Clarke},
  title        = {BS 8723 advances to encompass interoperability},
  year = {2006},
  venue        = {European Conference on Digital Libraries},
  location     = {Alicante, Spain},
  url= {https://at-web1.comp.glam.ac.uk/pages/research/hypermedia/nkos/nkos2006/papers/abstracts.html#dextra}
}

@inproceedings{ECDLDoerr2006,
  author       = {Martin Doerr},
  title        = {Waking from a Dogmatic Slumber - A Different View on Knowledge Management for Digital Libraries},
  year = {2006},
  venue        = {European Conference on Digital Libraries},
  location     = {Alicante, Spain},
  url= {https://at-web1.comp.glam.ac.uk/pages/research/hypermedia/nkos/nkos2006/presentations/m-doerr-21-09-2006.ppt}
}

@inproceedings{ECDLTerwilliger2006,
  author       = {James Terwilliger and Lois Delcambre and Judith Logan},
  title        = {Guava: Capturing the Intrinsic Organization of Knowledge in User Interfaces},
  year = {2006},
  venue        = {European Conference on Digital Libraries},
  location     = {Alicante, Spain},
  url= {https://at-web1.comp.glam.ac.uk/pages/research/hypermedia/nkos/nkos2006/papers/abstracts.html#terwilliger}
}
