@inproceedings{ECDLTice2009,
  author       = {Rob Tice},
  title        = {ASPECT Vocabulary bank for education},
  year    = {2009},
  venue        = {European Conference on Digital Libraries},
  location     = {Corfu, Greece},
  url={https://at-web1.comp.glam.ac.uk/pages/research/hypermedia/nkos/nkos2009/abstracts.html#tice}
}


@inproceedings{ECDLGnoli2009,
  author       = {Claudio Gnoli and Aida Slavic},
  title        = {UDC facets},
  year = {2009},
  venue        = {European Conference on Digital Libraries},
  location     = {Corfu, Greece},
  url={https://at-web1.comp.glam.ac.uk/pages/research/hypermedia/nkos/nkos2009/abstracts.html#gnoli}
}

@inproceedings{ECDLSchaer2009,
  author       = {Philipp Schaer and York Sure},
  title        = {User interface design for search-term recommendation and interactive query expansion services},
  year = {2009},
  venue        = {European Conference on Digital Libraries},
  location     = {Corfu, Greece},
  url={https://at-web1.comp.glam.ac.uk/pages/research/hypermedia/nkos/nkos2009/abstracts.html#schaer}
}

@inproceedings{ECDLSlavic2009,
  author       = {Aida Slavic and Antoine Isaac},
  title        = {Identifying management issues in networked KOS: examples from classification schemes},
  year = {2009},
  venue        = {European Conference on Digital Libraries},
  location     = {Corfu, Greece},
  url={https://at-web1.comp.glam.ac.uk/pages/research/hypermedia/nkos/nkos2009/abstracts.html#slavic}
}

@inproceedings{ECDLReverte2009,
  author       = {Carmen Reverté and Montserrat Sebastià Salat},
  title        = {KOS interoperability through mapping, in the aquatic sciences field},
  year = {2009},
  venue        = {European Conference on Digital Libraries},
  location     = {Corfu, Greece},
  url={https://at-web1.comp.glam.ac.uk/pages/research/hypermedia/nkos/nkos2009/abstracts.html#reverte}
}

@inproceedings{ECDLMurthy2009,
  author       = {Uma Murthy and Edward Fox and Naren Ramakrishnan and Andrea Kavanaugh and Steve Sheetz and Donald Shoemaker and Venkataraghavan Srinivasan},
  title        = {Building an ontology for crisis, tragedy and recovery},
  year = {2009},
  venue        = {European Conference on Digital Libraries},
  location     = {Corfu, Greece},
  url={https://at-web1.comp.glam.ac.uk/pages/research/hypermedia/nkos/nkos2009/abstracts.html#murthy}
}

@inproceedings{ECDLGolub2009,
  author       = {Koraljka Golub and Vanda Broughton and George Buchanan and Emlyn Everitt and Marianne Lykke Nielsen and Dagobert Soergel and Douglas Tudhope},
  title        = {EASTER project: Evaluating Automated Subject Tools for Enhancing Retrieval},
  year = {2009},
  venue        = {European Conference on Digital Libraries},
  location     = {Corfu, Greece},
  url={https://at-web1.comp.glam.ac.uk/pages/research/hypermedia/nkos/nkos2009/abstracts.html#golub}
}

@inproceedings{ECDLBorst2009,
  author       = {Timo Borst and Joachim Neubert},
  title        = {STW Thesaurus for economics web service applied to library applications},
  year = {2009},
  venue        = {European Conference on Digital Libraries},
  location     = {Corfu, Greece},
  url={https://at-web1.comp.glam.ac.uk/pages/research/hypermedia/nkos/nkos2009/abstracts.html#borst}
}

@inproceedings{ECDLSanjari2009,
  author       = {Azade Sanjari},
  title        = {EIAH data model: introducing the building blocks of the information architecture},
  year = {2009},
  venue        = {European Conference on Digital Libraries},
  location     = {Corfu, Greece},
  url={https://at-web1.comp.glam.ac.uk/pages/research/hypermedia/nkos/nkos2009/abstracts.html#sanjari}
}

@inproceedings{ECDLPriest2009,
  author       = {Andy Priest and Janine Rigby and Caroline Williams and Ceri Binding and Douglas Tudhope},
  title        = {The PERsonalisation TAgging interface INformation in Services, PERTAINS project: presenting tag recommenders in UK national services},
  year = {2009},
  venue        = {European Conference on Digital Libraries},
  location     = {Corfu, Greece},
  url={https://at-web1.comp.glam.ac.uk/pages/research/hypermedia/nkos/nkos2009/abstracts.html#priest}
}

@inproceedings{ECDLMayr2009,
  author       = {Philipp Mayr and Philipp Schaer and York Sure},
  title        = {Intra- and interdisciplinary cross-concordance for information retrieval},
  year = {2009},
  venue        = {European Conference on Digital Libraries},
  location     = {Corfu, Greece},
  url={https://at-web1.comp.glam.ac.uk/pages/research/hypermedia/nkos/nkos2009/abstracts.html#mayr}
}

@inproceedings{ECDLDextre2009,
  author       = {Stella Dextre Clarke},
  title        = {International Standard ISO 25964},
  year = {2009},
  venue        = {European Conference on Digital Libraries},
  location     = {Corfu, Greece},
  url={https://at-web1.comp.glam.ac.uk/pages/research/hypermedia/nkos/nkos2009/abstracts.html#dextre-clarke}
}