@inproceedings{ECDLTrant2008,
  author       = {Jennifer Trant and David Bearman},
  title        = {Public and professional vocabularies: comparing user tagging with museum documents and documentation},
  year    = {2008},
  venue        = {European Conference on Digital Libraries},
  location     = {Aarhus, Denmark},
  url={https://at-web1.comp.glam.ac.uk/pages/research/hypermedia/nkos/nkos2008/presentations/steveNKOS08-trantBearman.pdf}
  }


@inproceedings{ECDLNielsen2008,
  author       = {Marianne Lykke Nielsen},
  title        = {Emerging trends in tagging: structure, suggestions, control, auto-manual folksonomies},
  year = {2008},
  venue        = {European Conference on Digital Libraries},
  location     = {Aarhus, Denmark},
  url={https://at-web1.comp.glam.ac.uk/pages/research/hypermedia/nkos/nkos2008/presentations/Nielsen-SocialTagging-NKOS2008.ppt}
}

@inproceedings{ECDLHlava2008,
  author       = {Marjorie M.K. Hlava},
  title        = {Search options and content tagging},
  year = {2008},
  venue        = {European Conference on Digital Libraries},
  location     = {Aarhus, Denmark},
  url={https://at-web1.comp.glam.ac.uk/pages/research/hypermedia/nkos/nkos2008/presentations/Hlava2-NKOS2008.ppt}
}

@inproceedings{ECDLPfeffer2008,
  author       = {Kai Eckert and Magnus Pfeffer},
  title        = {Semantic Portal Business and Economics},
  year = {2008},
  venue        = {European Conference on Digital Libraries},
  location     = {Aarhus, Denmark},
  url={https://at-web1.comp.glam.ac.uk/pages/research/hypermedia/nkos/nkos2008/presentations/Pfeffer-NKOS2008.ppt}
}

@inproceedings{ECDLBoteram2008,
  author       = {Felix Boteram and Jessica Hubrich},
  title        = {Towards a comprehensive international Knowledge Organisation System},
  year = {2008},
  venue        = {European Conference on Digital Libraries},
  location     = {Aarhus, Denmark},
  url={https://at-web1.comp.glam.ac.uk/pages/research/hypermedia/nkos/nkos2008/presentations/BoteramHubrich-NKOS2008.pps}
}

@inproceedings{ECDLWieser2008,
  author       = {Christoph Wieser and Fran√ßois Bry},
  title        = {Exploiting taxonomies' broadening for enhanced tagging: damped concept clustering},
  year = {2008},
  venue        = {European Conference on Digital Libraries},
  location     = {Aarhus, Denmark},
  url={https://at-web1.comp.glam.ac.uk/pages/research/hypermedia/nkos/nkos2008/presentations/Wieser-NKOS2008.pdf}
}

@inproceedings{ECDLZeng2008a,
  author       = {Marcia Zeng},
  title        = {Report on US NKOS/CENDI workshop},
  year = {2008},
  venue        = {European Conference on Digital Libraries},
  location     = {Aarhus, Denmark},
  url={https://at-web1.comp.glam.ac.uk/pages/research/hypermedia/nkos/nkos2008/presentations/summary.pdf}
}

@inproceedings{ECDLTudhope2008,
  author       = {Douglas Tudhope and Kora Golub},
  title        = {TRSS - Terminology Registry Scoping study},
  year = {2008},
  venue        = {European Conference on Digital Libraries},
  location     = {Aarhus, Denmark},
  url={https://at-web1.comp.glam.ac.uk/pages/research/hypermedia/nkos/nkos2008/presentations/GolubTudhope-NKOS.ppt}
}

@inproceedings{ECDLZeng2008b,
  author       = {Marcia Zeng},
  title        = {Registry requirements and issues},
  year = {2008},
  venue        = {European Conference on Digital Libraries},
  location     = {Aarhus, Denmark},
  url={https://at-web1.comp.glam.ac.uk/pages/research/hypermedia/nkos/nkos2008/presentations/marciaZengMetadata.pdf}
}

@inproceedings{ECDLGnoli2008,
  author       = {Claudio Gnoli},
  title        = {Potential of freely faceted classification for knowledge retrieval and browsing},
  year = {2008},
  venue        = {European Conference on Digital Libraries},
  location     = {Aarhus, Denmark},
  url={https://at-web1.comp.glam.ac.uk/pages/research/hypermedia/nkos/nkos2008/presentations/Gnoli-NKOS2008.ppt}
}

@inproceedings{ECDLNielsen2008,
  author       = {Marianne Lykke Nielsen and Susan Price and Lois Delcambre},
  title        = {Indexing with semantic components improve information retrieval in domain-specific web portal},
  year = {2008},
  venue        = {European Conference on Digital Libraries},
  location     = {Aarhus, Denmark},
  url={https://at-web1.comp.glam.ac.uk/pages/research/hypermedia/nkos/nkos2008/presentations/Nielsen-NKOS2008.ppt}
}