@article{SPHillKoch2001,
  author       = {Linda Hill and Traugott Koch},
  editor       = {Linda Hill and Traugott Koch},
  title        = {Networked Knowledge Organization Systems: introduction to a special issue},
  journal = {Journal of Digital Information},
  volume = {1},
  number = {8},
  year    = {2001},
  url={https://journals.tdl.org/jodi/index.php/jodi/article/view/32/33}
}

@article{SPMiller2001,
  author       = {Ken Miller and Brian Matthews},
  editor       = {Linda Hill and Traugott Koch},
  title        = {Having the right connections: the LIMBER project},
  journal = {Journal of Digital Information},
  volume = {1},
  number = {8},
  year    = {2001},
  url={https://journals.tdl.org/jodi/index.php/jodi/article/view/34/35}
}

@article{SPTudhope2001,
  author       = {Douglas Tudhope and Harith Alani and Christopher Jones},
  editor       = {Linda Hill and Traugott Koch},
  title        = {Augmenting thesaurus relationships: possibilities for retrieval},
  journal = {Journal of Digital Information},
  volume = {1},
  number = {8},
  year    = {2001},
  url={https://journals.tdl.org/jodi/index.php/jodi/article/view/181/160}
}

@article{SPDoerr2001,
  author       = {Martin Doerr},
  editor       = {Linda Hill and Traugott Koch},
  title        = {Semantic Problems of Thesaurus Mapping},
  journal = {Journal of Digital Information},
  volume = {1},
  number = {8},
  year    = {2001},
  url={https://journals.tdl.org/jodi/index.php/jodi/article/view/31}
}

@article{SPHunter2001,
  author       = {Jane Hunter},
  editor       = {Linda Hill and Traugott Koch},
  title        = {MetaNet - A Metadata Term Thesaurus to Enable Sematic Interoperability between Metadata Domains},
  journal = {Journal of Digital Information},
  volume = {1},
  number = {8},
  year    = {2001},
  url={https://journals.tdl.org/jodi/index.php/jodi/article/view/33/34}
}

@article{SPCranefield2001,
  author       = {Stephen Cranefield},
  editor       = {Linda Hill and Traugott Koch},
  title        = {Networked knowledge representation and exchange using UML and RDF},
  journal = {Journal of Digital Information},
  volume = {1},
  number = {8},
  year    = {2001},
  url={https://journals.tdl.org/jodi/index.php/jodi/article/view/30}
}
