@article{golub2019,
	title = {Recent applications of {Knowledge} {Organization} {Systems}: introduction to a special issue},
	volume = {20},
	issn = {1432-5012, 1432-1300},
	shorttitle = {Recent applications of {Knowledge} {Organization} {Systems}},
	url = {http://link.springer.com/10.1007/s00799-018-0264-8},
	doi = {10.1007/s00799-018-0264-8},
	language = {en},
	number = {3},
	urldate = {2019-09-30},
	journal = {International Journal on Digital Libraries},
	author = {Golub, Koraljka and Schmiede, Rudi and Tudhope, Douglas},
	month = sep,
	year = {2019},
	pages = {205--207}
}

@article{zeng2019,
	title = {Knowledge {Organization} {Systems} ({KOS}) in the {Semantic} {Web}: a multi-dimensional review},
	volume = {20},
	issn = {1432-5012, 1432-1300},
	shorttitle = {Knowledge {Organization} {Systems} ({KOS}) in the {Semantic} {Web}},
	url = {http://link.springer.com/10.1007/s00799-018-0241-2},
	doi = {10.1007/s00799-018-0241-2},
	language = {en},
	number = {3},
	urldate = {2019-09-30},
	journal = {International Journal on Digital Libraries},
	author = {Zeng, Marcia Lei and Mayr, Philipp},
	month = sep,
	year = {2019},
	pages = {209--230}
}

@article{karimi2019,
	title = {Analyzing the network structure and gender differences among the members of the {Networked} {Knowledge} {Organization} {Systems} ({NKOS}) community},
	volume = {20},
	issn = {1432-5012, 1432-1300},
	url = {http://link.springer.com/10.1007/s00799-018-0243-0},
	doi = {10.1007/s00799-018-0243-0},
	language = {en},
	number = {3},
	urldate = {2019-09-30},
	journal = {International Journal on Digital Libraries},
	author = {Karimi, Fariba and Mayr, Philipp and Momeni, Fakhri},
	month = sep,
	year = {2019},
	pages = {231--239}	
}

@article{husevag2019,
	title = {From subtitles to substantial metadata: examining characteristics of named entities and their role in indexing},
	volume = {20},
	issn = {1432-5012, 1432-1300},
	shorttitle = {From subtitles to substantial metadata},
	url = {http://link.springer.com/10.1007/s00799-018-0252-z},
	doi = {10.1007/s00799-018-0252-z},
	language = {en},
	number = {3},
	urldate = {2019-09-30},
	journal = {International Journal on Digital Libraries},
	author = {Husev√•g, Anne-Stine Ruud},
	month = sep,
	year = {2019},
	pages = {241--251}
}

@article{suchowolec2019,
	title = {An empirically validated, onomasiologically structured, and linguistically motivated online terminology: {Re}-designing scientific resources on {German} grammar},
	volume = {20},
	issn = {1432-5012, 1432-1300},
	shorttitle = {An empirically validated, onomasiologically structured, and linguistically motivated online terminology},
	url = {http://link.springer.com/10.1007/s00799-018-0254-x},
	doi = {10.1007/s00799-018-0254-x},
	language = {en},
	number = {3},
	urldate = {2019-09-30},
	journal = {International Journal on Digital Libraries},
	author = {Suchowolec, Karolina and Lang, Christian and Schneider, Roman},
	month = sep,
	year = {2019},
	pages = {253--268}
}

@article{clunis2019,
	title = {Designing an ontology for managing the diets of hypertensive individuals},
	volume = {20},
	issn = {1432-5012, 1432-1300},
	url = {http://link.springer.com/10.1007/s00799-018-0253-y},
	doi = {10.1007/s00799-018-0253-y},
	language = {en},
	number = {3},
	urldate = {2019-09-30},
	journal = {International Journal on Digital Libraries},
	author = {Clunis, Julaine},
	month = sep,
	year = {2019},
	pages = {269--284}
}