@article{SPTudhopeKoch2004,
  author       = {Douglas Tudhope and Traugott Koch},
  editor       = {Douglas Tudhope and Traugott Koch},
  title        = {New Applications of Knowledge Organization Systems: introduction to a special issue},
  journal = {Journal of Digital Information},
  volume = {4},
  number = {4},
  year    = {2004},
  url={https://journals.tdl.org/jodi/index.php/jodi/article/view/109/108}
}

@article{SPVizineGoetz2004,
  author       = {Diane Vizine-Goetz and Carol Hickey and Andrew Houghton and Roger Thompson},
  editor       = {Douglas Tudhope and Traugott Koch},
  title        = {Vocabulary Mapping for Terminology Services},
  journal = {Journal of Digital Information},
  volume = {4},
  number = {4},
  year    = {2004},
  url={https://journals.tdl.org/jodi/index.php/jodi/article/view/114}
}


@article{SPVeltman2004,
  author       = {Kim H. Veltman},
  editor       = {Douglas Tudhope and Traugott Koch},
  title        = {Towards a Semantic Web for Culture},
  journal = {Journal of Digital Information},
  volume = {4},
  number = {4},
  year = {2004},
  url={https://journals.tdl.org/jodi/index.php/jodi/article/view/113}
}

@article{SPSoergel2004,
  author       = {Dagobert Soergel and Boris Lauser and Anita Liang and Frehiwot Fisseha and Johannes Keizer and Stephen Katz},
  editor       = {Douglas Tudhope and Traugott Koch},
  title        = {Reengineering Thesauri for New Applications: the AGROVOC Example},
  journal = {Journal of Digital Information},
  volume = {4},
  number = {4},
  year = {2004},
  url={https://journals.tdl.org/jodi/index.php/jodi/article/view/112}
}

@article{SPTerenceRSmith2004,
  author       = {Terence R. Smith and Marcia L. Zeng},
  editor       = {Douglas Tudhope and Traugott Koch},
  title        = {Building Semantic Tools for Concept-based Learning Spaces: Knowledge Bases of Strongly-Structured Models for Scientific Concepts in Advanced Digital Libraries},
  journal = {Journal of Digital Information},
  volume = {4},
  number = {4},
  year = {2004},
  url={https://journals.tdl.org/jodi/index.php/jodi/article/view/111}
}

@article{SPCeriBinding2004,
  author       = {Ceri Binding and Douglas Tudhope},
  editor       = {Douglas Tudhope and Traugott Koch},
  title        = {KOS at your Service: Programmatic Access to Knowledge Organisation Systems},
  journal = {Journal of Digital Information},
  volume = {4},
  number = {4},
  year = {2004},
  url={https://journals.tdl.org/jodi/index.php/jodi/article/view/110}
}
