@inproceedings{DBLP:conf/ercimdl/ChengL18,
  author    = {Yi{-}Yun Cheng and
               Bertram Lud{\"{a}}scher},
  title     = {Full of Beans: {A} Study on the Alignment of Two Flowering Plants
               Classification Systems},
  booktitle = {Proceedings of the 18th European Networked Knowledge Organization
               Systems {(NKOS)} Workshop co-located with the 22nd International Conference
               on Theory and Practice of Digital Libraries 2018 {(TPDL} 2018), Porto,
               Portugal, September 13, 2018.},
  pages     = {53--63},
  year      = {2018},
  crossref  = {DBLP:conf/ercimdl/2018nkos},
  url       = {http://ceur-ws.org/Vol-2200/paper6.pdf},
  timestamp = {Mon, 10 Sep 2018 16:09:36 +0200},
  biburl    = {https://dblp.org/rec/bib/conf/ercimdl/ChengL18},
  bibsource = {dblp computer science bibliography, https://dblp.org}
}

@inproceedings{DBLP:conf/ercimdl/GolubHA18,
  author    = {Koraljka Golub and
               Johan Hagelb{\"{a}}ck and
               Anders Ard{\"{o}}},
  title     = {Automatic Classification Using {DDC} on the Swedish Union Catalogue},
  booktitle = {Proceedings of the 18th European Networked Knowledge Organization
               Systems {(NKOS)} Workshop co-located with the 22nd International Conference
               on Theory and Practice of Digital Libraries 2018 {(TPDL} 2018), Porto,
               Portugal, September 13, 2018.},
  pages     = {4--16},
  year      = {2018},
  crossref  = {DBLP:conf/ercimdl/2018nkos},
  url       = {http://ceur-ws.org/Vol-2200/paper1.pdf},
  timestamp = {Mon, 10 Sep 2018 16:09:36 +0200},
  biburl    = {https://dblp.org/rec/bib/conf/ercimdl/GolubHA18},
  bibsource = {dblp computer science bibliography, https://dblp.org}
}

@inproceedings{DBLP:conf/ercimdl/HakopovMSS18,
  author    = {Zaven Hakopov and
               Dmitry Mironov and
               Dobrica Savic and
               Yulia Svetashova},
  title     = {Automated KOS-based Subject Indexing in {INIS}},
  booktitle = {Proceedings of the 18th European Networked Knowledge Organization
               Systems {(NKOS)} Workshop co-located with the 22nd International Conference
               on Theory and Practice of Digital Libraries 2018 {(TPDL} 2018), Porto,
               Portugal, September 13, 2018.},
  pages     = {17--28},
  year      = {2018},
  crossref  = {DBLP:conf/ercimdl/2018nkos},
  url       = {http://ceur-ws.org/Vol-2200/paper2.pdf},
  timestamp = {Mon, 10 Sep 2018 16:09:36 +0200},
  biburl    = {https://dblp.org/rec/bib/conf/ercimdl/HakopovMSS18},
  bibsource = {dblp computer science bibliography, https://dblp.org}
}

@inproceedings{DBLP:conf/ercimdl/Kasprzik18,
  author    = {Anna Kasprzik},
  title     = {Cleaning up a Legacy Thesaurus to Make it Fit for Transformation into
               a Semantic Web {KOS}},
  booktitle = {Proceedings of the 18th European Networked Knowledge Organization
               Systems {(NKOS)} Workshop co-located with the 22nd International Conference
               on Theory and Practice of Digital Libraries 2018 {(TPDL} 2018), Porto,
               Portugal, September 13, 2018.},
  pages     = {64--70},
  year      = {2018},
  crossref  = {DBLP:conf/ercimdl/2018nkos},
  url       = {http://ceur-ws.org/Vol-2200/paper7.pdf},
  timestamp = {Mon, 10 Sep 2018 16:09:36 +0200},
  biburl    = {https://dblp.org/rec/bib/conf/ercimdl/Kasprzik18},
  bibsource = {dblp computer science bibliography, https://dblp.org}
}

@inproceedings{DBLP:conf/ercimdl/QinYW18,
  author    = {Jian Qin and
               Bei Yu and
               Liya Wang},
  title     = {Knowledge Node and Relation Detection},
  booktitle = {Proceedings of the 18th European Networked Knowledge Organization
               Systems {(NKOS)} Workshop co-located with the 22nd International Conference
               on Theory and Practice of Digital Libraries 2018 {(TPDL} 2018), Porto,
               Portugal, September 13, 2018.},
  pages     = {29--44},
  year      = {2018},
  crossref  = {DBLP:conf/ercimdl/2018nkos},
  url       = {http://ceur-ws.org/Vol-2200/paper3.pdf},
  timestamp = {Mon, 10 Sep 2018 16:09:36 +0200},
  biburl    = {https://dblp.org/rec/bib/conf/ercimdl/QinYW18},
  bibsource = {dblp computer science bibliography, https://dblp.org}
}

@inproceedings{DBLP:conf/ercimdl/RordenHSS18,
  author    = {Jan R{\"{o}}rden and
               Bernhard Haslhofer and
               Rainer Simon and
               Sven Schlarb},
  title     = {Traveling through Space and Time, or: Making Historical Travelogues
               Accessible},
  booktitle = {Proceedings of the 18th European Networked Knowledge Organization
               Systems {(NKOS)} Workshop co-located with the 22nd International Conference
               on Theory and Practice of Digital Libraries 2018 {(TPDL} 2018), Porto,
               Portugal, September 13, 2018.},
  pages     = {45--48},
  year      = {2018},
  crossref  = {DBLP:conf/ercimdl/2018nkos},
  url       = {http://ceur-ws.org/Vol-2200/paper4.pdf},
  timestamp = {Mon, 10 Sep 2018 16:09:36 +0200},
  biburl    = {https://dblp.org/rec/bib/conf/ercimdl/RordenHSS18},
  bibsource = {dblp computer science bibliography, https://dblp.org}
}

@inproceedings{DBLP:conf/ercimdl/TudhopeB18,
  author    = {Douglas Tudhope and
               Ceri Binding},
  title     = {Reflections on {KOS} Based Data Alignment},
  booktitle = {Proceedings of the 18th European Networked Knowledge Organization
               Systems {(NKOS)} Workshop co-located with the 22nd International Conference
               on Theory and Practice of Digital Libraries 2018 {(TPDL} 2018), Porto,
               Portugal, September 13, 2018.},
  pages     = {49--52},
  year      = {2018},
  crossref  = {DBLP:conf/ercimdl/2018nkos},
  url       = {http://ceur-ws.org/Vol-2200/paper5.pdf},
  timestamp = {Mon, 10 Sep 2018 16:09:36 +0200},
  biburl    = {https://dblp.org/rec/bib/conf/ercimdl/TudhopeB18},
  bibsource = {dblp computer science bibliography, https://dblp.org}
}

@proceedings{DBLP:conf/ercimdl/2018nkos,
  editor    = {Philipp Mayr and
               Douglas Tudhope and
               Joseph A. Busch and
               Koraljka Golub and
               Marjorie M. K. Hlava and
               Marcia Zeng},
  title     = {Proceedings of the 18th European Networked Knowledge Organization
               Systems {(NKOS)} Workshop co-located with the 22nd International Conference
               on Theory and Practice of Digital Libraries 2018 {(TPDL} 2018), Porto,
               Portugal, September 13, 2018},
  series    = {{CEUR} Workshop Proceedings},
  volume    = {2200},
  publisher = {CEUR-WS.org},
  year      = {2018},
  url       = {http://ceur-ws.org/Vol-2200},
  urn       = {urn:nbn:de:0074-2200-9},
  timestamp = {Mon, 10 Sep 2018 16:08:45 +0200},
  biburl    = {https://dblp.org/rec/bib/conf/ercimdl/2018nkos},
  bibsource = {dblp computer science bibliography, https://dblp.org}
}

