@inproceedings{Mayr2016,
	address = {Hannover, Germany},
	author = {Philipp Mayr and Douglas Tudhope and Koraljka Golub and Christian Wartena and Ernesto William {De Luca}},
	booktitle = {Proc. of the 15th European Networked Knowledge Organization Systems Workshop (NKOS 2016)},
	pages = {1--6},
	publisher = {CEUR-WS.org},
	title = {{Editorial of the 15th European Networked Knowledge Organization Systems Workshop (NKOS 2016)}},
	url = {http://ceur-ws.org/Vol-1676/editorial.pdf},
	year = {2016}
}

@inproceedings{Gnoli2016,
	address = {Hannover, Germany},
	author = {Claudio Gnoli and Laura Pusterla and Anna Bendiscioli and Cristina Recinella},
	booktitle = {Proc. of the 15th European Networked Knowledge Organization Systems Workshop (NKOS 2016)},
	publisher = {CEUR-WS.org},
	title = {{Classification for collections mapping and query expansion}},
	url = {http://ceur-ws.org/Vol-1676/paper3.pdf},
	year = {2016}
}
@inproceedings{Husevag2016,
	address = {Hannover, Germany},
	author = {Anne-Stine Ruud Husev{\aa}g},
	booktitle = {Proc. of the 15th European Networked Knowledge Organization Systems Workshop (NKOS 2016)},
	publisher = {CEUR-WS.org},
	title = {{Named entities in indexing: A case study of TV subtitles and metadata records}},
	url = {http://ceur-ws.org/Vol-1676/paper6.pdf},
	year = {2016}
}
@inproceedings{Manguinhas2016,
	address = {Hannover, Germany},
	author = {Hugo Manguinhas and Valentine Charles and Antoine Isaac and Tom Miles and Aude Lima and Ariane N{\'{e}}roulidis and V{\'{e}}ronique Ginouv{\`{e}}s and Dimitra Atsidis and Michiel Hildebrand and Maarten Brinkerink and Sergiu Gordea},
	booktitle = {Proc. of the 15th European Networked Knowledge Organization Systems Workshop (NKOS 2016)},
	publisher = {CEUR-WS.org},
	title = {{Linking subject labels in Cultural Heritage Metadata to MIMO vocabulary using CultuurLink}},
	url = {http://ceur-ws.org/Vol-1676/paper4.pdf},
	year = {2016}
}
@inproceedings{Momeni2016,
	address = {Hannover, Germany},
	author = {Fakhri Momeni and Philipp Mayr},
	booktitle = {Proc. of the 15th European Networked Knowledge Organization Systems Workshop (NKOS 2016)},
	publisher = {CEUR-WS.org},
	title = {{Analyzing the research output presented at European Networked Knowledge Organization Systems workshops (2000-2015)}},
	url = {http://ceur-ws.org/Vol-1676/paper1.pdf},
	year = {2016}
}
@inproceedings{Suchowolec2016,
	address = {Hannover, Germany},
	author = {Karolina Suchowolec and Christian Lang and Roman Schneider},
	booktitle = {Proc. of the 15th European Networked Knowledge Organization Systems Workshop (NKOS 2016)},
	publisher = {CEUR-WS.org},
	title = {{Re-designing Online Terminology Resources for German Grammar}},
	url = {http://ceur-ws.org/Vol-1676/paper7.pdf},
	year = {2016}
}
@inproceedings{Vieira2016,
	address = {Hannover, Germany},
	author = {Simone Vieira and Marc{\'{i}}lio de Brito and Widad {Mustafa El Hadi} and Maja Zumer},
	booktitle = {Proc. of the 15th European Networked Knowledge Organization Systems Workshop (NKOS 2016)},
	publisher = {CEUR-WS.org},
	title = {{Developing imaged KOS with the FRSAD model: a conceptual methodology}},
	url = {http://ceur-ws.org/Vol-1676/paper5.pdf},
	year = {2016}
}
@inproceedings{Voß2016,
	address = {Hannover, Germany},
	author = {Jakob Voß},
	booktitle = {Proc. of the 15th European Networked Knowledge Organization Systems Workshop (NKOS 2016)},
	publisher = {CEUR-WS.org},
	title = {{Classification of Knowledge Organization Systems with Wikidata}},
	url = {http://ceur-ws.org/Vol-1676/paper2.pdf},
	year = {2016}
}
