@inproceedings{TPDLStellatoMorshedJohannsen2011,
  title       = {A Collaborative Framework for Managing and Publishing KOS},
  author      = {Armando Stellato and Ahsan Morshed and Gudrun Johannsen and Yves Jacques and Caterina Caracciolo and Sachit Rajbhandari and Imma Subirats and Johannes Keizer},
  year    = {2011},
  venue        = {Theory and Practice of Digital Libraries},
  location     = {Berlin, Germany},
  url={https://at-web1.comp.glam.ac.uk/pages/research/hypermedia/nkos/nkos2011/abstracts/Stellato_etal.pdf}
}

@inproceedings{TPDLMader2011,
  title       = {Quality Criteria for Controlled Web Vocabularies},
  author        = {Christian Mader and Bernhard Haslhofer},
  year    = {2011},
  venue        = {Theory and Practice of Digital Libraries},
  location     = {Berlin, Germany},
  url={https://at-web1.comp.glam.ac.uk/pages/research/hypermedia/nkos/nkos2011/abstracts/Mader-haslhofer.pdf}
}

@inproceedings{TPDLMorshed2011,
  author       = {Ahsan Morshed and Benjamin Zapilko and Gudrun Johannsen and Philipp Mayr and Johannes Keizer},
  title        = {Evaluating approaches to automatically match thesauri from different domains for Linked Open Data},
  year    = {2011},
  venue        = {Theory and Practice of Digital Libraries},
  location     = {Berlin, Germany},
  url={https://at-web1.comp.glam.ac.uk/pages/research/hypermedia/nkos/nkos2011/abstracts/Morshed_etal.pdf}
}

@inproceedings{TPDLSmedt2011,
  author       = {Johan De Smedt},
  title        = {SKOS extensions to cover mapping requirements},
  year    = {2011},
  venue        = {Theory and Practice of Digital Libraries},
  location     = {Berlin, Germany},
  url={https://at-web1.comp.glam.ac.uk/pages/research/hypermedia/nkos/nkos2011/abstracts/De_Smedt.pdf}
}

@inproceedings{TPDLTomko2011,
  author       = {Mark Tomko},
  title        = {Translating biological data sets into Linked Data},
  year    = {2011},
  venue        = {Theory and Practice of Digital Libraries},
  location     = {Berlin, Germany},
  url={https://at-web1.comp.glam.ac.uk/pages/research/hypermedia/nkos/nkos2011/abstracts/Tomko.pdf}
}

@inproceedings{TPDLKless2011,
  author       = {Daniel Kless},
  title        = {Ontologies and thesauri - similarities and differences},
  year    = {2011},
  venue        = {Theory and Practice of Digital Libraries},
  location     = {Berlin, Germany},
  url={https://at-web1.comp.glam.ac.uk/pages/research/hypermedia/nkos/nkos2011/abstracts/Kless.pdf}
}

@inproceedings{TPDLIsaac2011,
  author       = {Antoine Isaac and Jacco van Ossenbruggen and  Victor de Boer and Jan Wielemaker and Guus Schreiber},
  title        = {Europeana and semantic alignment of vocabularies},
  year    = {2011},
  venue        = {Theory and Practice of Digital Libraries},
  location     = {Berlin, Germany},
  url={https://at-web1.comp.glam.ac.uk/pages/research/hypermedia/nkos/nkos2011/abstracts/Isaac.pdf}
}

@inproceedings{TPDLTudhope2011,
  author       = {Douglas Tudhope},
  title        = {Complementary use of ontologies and (other) KOS},
  year    = {2011},
  venue        = {Theory and Practice of Digital Libraries},
  location     = {Berlin, Germany},
  url={https://at-web1.comp.glam.ac.uk/pages/research/hypermedia/nkos/nkos2011/abstracts/Tudhope.pdf}
}

@inproceedings{TPDLHoek2011,
  author       = {Wilko van Hoek and Brigitte Mathiak and Philipp Mayr and Sascha Sch√ºller},
  title        = {Comparing the accuracy of the semantic similarity provided by the Normalized Google Distance (NGD) and the Search Term Recommender (STR)},
  year    = {2011},
  venue        = {Theory and Practice of Digital Libraries},
  location     = {Berlin, Germany},
  url={https://at-web1.comp.glam.ac.uk/pages/research/hypermedia/nkos/nkos2011/abstracts/van_Hoek_etal.pdf}
}

@inproceedings{TPDLBedford2011,
  author       = {Denise Bedford},
  title        = {Selecting and Weighting Semantically Discovered Concepts as Social Tags},
  year    = {2011},
  venue        = {Theory and Practice of Digital Libraries},
  location     = {Berlin, Germany},
  url={https://at-web1.comp.glam.ac.uk/pages/research/hypermedia/nkos/nkos2011/abstracts/Bedford.pdf}
}

@inproceedings{TPDLDextreClarke2011,
  author       = {Stella Dextre Clarke and Johan De Smedt},
  title        = {ISO 25964-1: a new standard for development of thesauri and exchange of thesaurus data},
  year    = {2011},
  venue        = {Theory and Practice of Digital Libraries},
  location     = {Berlin, Germany},
  url={https://at-web1.comp.glam.ac.uk/pages/research/hypermedia/nkos/nkos2011/abstracts/DextreClarkeDeSmedt.pdf}
}