@inproceedings{TPDLSmedt2014,
  author       = {Johan De Smedt and Agis Papantoniou},
  title        = {The ESCO platform for a collaborative NKOS development},
  year    = {2014},
  venue        = {joint TPDL and JCDL},
  location     = {London, England},
  url = {https://at-web1.comp.glam.ac.uk/pages/research/hypermedia/nkos/nkos2014/content/NKOS2014-abstract-desmedt-papantoniou.pdf}
}

@inproceedings{TPDLBinding2014,
  author       = {Ceri Binding},
  title        = {5 star data - achieving the 5th star},
  year    = {2014},
  venue        = {joint TPDL and JCDL},
  location     = {London, England},
  url = {https://at-web1.comp.glam.ac.uk/pages/research/hypermedia/nkos/nkos2014/content/NKOS2014-abstract-binding.pdf}
}

@inproceedings{TPDLLin2014,
  author       = {Xia Lin and Jae-wook Ahn and Dagobert Soergel},
  title        = {Meaningful Concept Displays for KOS Mapping},
  year    = {2014},
  venue        = {joint TPDL and JCDL},
  location     = {London, England},
  url = {https://at-web1.comp.glam.ac.uk/pages/research/hypermedia/nkos/nkos2014/content/NKOS2014-abstract-lin-ahn-soergel.pdf}
}

@inproceedings{TPDLBalkan2014,
  author       = {Lorna Balkan},
  title        = {From monolingual to multilingual thesaurus: the HASSET/ELSST relationship reviewed},
  year    = {2014},
  venue        = {joint TPDL and JCDL},
  location     = {London, England},
  url = {https://at-web1.comp.glam.ac.uk/pages/research/hypermedia/nkos/nkos2014/content/NKOS2014-abstract-balkan.pdf}
}

@inproceedings{TPDLClarke2014,
  author       = {Stella Dextre Clarke},
  title        = {Discussion on mapping/linking between vocabularies including tools & training -- building on the ISKO-UK 'Making Metadata Work' seminar},
  year    = {2014},
  venue        = {joint TPDL and JCDL},
  location     = {London, England},
  url = {https://at-web1.comp.glam.ac.uk/pages/research/hypermedia/nkos/nkos2014/content/VPLinkWorkshopReport2014-07-09.pdf}
}

@inproceedings{TPDLGracy2014,
  author       = {Karen F. Gracy and Sammy Davidson and Marcia Lei Zeng},
  title        = {Semantic Analysis Method (SAM): A Tool for Identifying Potential Access Points in Unstructured Text},
  year    = {2014},
  venue        = {joint TPDL and JCDL},
  location     = {London, England},
  url = {https://at-web1.comp.glam.ac.uk/pages/research/hypermedia/nkos/nkos2014/content/NKOS2014-abstract-gracy-davidson-zeng.pdf}
}

@inproceedings{TPDLAlexiev2014,
  author       = {Vladimir Alexiev and Antoine Isaac and Jutta Lindenthal},
  title        = {On Compositionality of ISO 25964 Hierarchical Relationships (BTG, BTP, BTI)},
  year    = {2014},
  venue        = {joint TPDL and JCDL},
  location     = {London, England},
  url = {https://at-web1.comp.glam.ac.uk/pages/research/hypermedia/nkos/nkos2014/content/NKOS2014-abstract-alexiev-isaac-lindenthal.pdf}
}

@inproceedings{TPDLDelahousse2014,
  author       = {Jean Delahousse and Johan De Smedt and Agis Papantoniou},
  title        = {PROV-O profile creation for describing and tracking editorial actions on Controlled Vocabularies},
  year    = {2014},
  venue        = {joint TPDL and JCDL},
  location     = {London, England},
  url = {https://at-web1.comp.glam.ac.uk/pages/research/hypermedia/nkos/nkos2014/content/NKOS2014-abstract-delahousse-desmedt-papantoniou.pdf}
}

@inproceedings{TPDLmayr2014,
  author       = {Zeljko Carevic  and Philipp Mayr},
  title        = {Recommender Systems using Pennant Diagrams in Digital Libraries},
  year    = {2014},
  venue        = {joint TPDL and JCDL},
  location     = {London, England},
  url = {https://at-web1.comp.glam.ac.uk/pages/research/hypermedia/nkos/nkos2014/content/NKOS2014-abstract-carevic-mayr.pdf}
}









