@proceedings{DBLP:conf/ercimdl/2017nkos,
  editor    = {Philipp Mayr and
               Douglas Tudhope and
               Koraljka Golub and
               Christian Wartena and
               Ernesto William De Luca},
  title     = {Proceedings of the 17th European Networked Knowledge Organization
               Systems Workshop co-located with the 21st International Conference
               on Theory and Practice of Digital Libraries 2017 {(TPDL} 2017), Thessaloniki,
               Greece, September 21st, 2017},
  series    = {{CEUR} Workshop Proceedings},
  volume    = {1937},
  publisher = {CEUR-WS.org},
  year      = {2017},
  url       = {http://ceur-ws.org/Vol-1937},
  urn       = {urn:nbn:de:0074-1937-1},
  timestamp = {Sun, 24 Sep 2017 19:17:47 +0200},
  biburl    = {http://dblp.uni-trier.de/rec/bib/conf/ercimdl/2017nkos},
  bibsource = {dblp computer science bibliography, http://dblp.org}
}

@inproceedings{MayrTGWL17,
  author    = {Philipp Mayr and
               Douglas Tudhope and
               Koraljka Golub and
               Christian Wartena and
               Ernesto William De Luca},
  title     = {Editorial for the 17th European Networked Knowledge Organization Systems
               Workshop {(NKOS} 2017)},
  booktitle = {Proceedings of the 17th European Networked Knowledge Organization
               Systems Workshop {(NKOS} 2017) co-located with the 21th International
               Conference on Theory and Practice of Digital Libraries 2017 {(TPDL}
               2017),
  pages     = {1--5},
  year      = {2017},
  url       = {http://ceur-ws.org/Vol-1937/editorial.pdf}
}

@inproceedings{DBLP:conf/ercimdl/StahnDL17,
  author    = {Lena{-}Luise Stahn and
               Ingetraut Dahlberg and
               Ernesto William De Luca},
  title     = {Knowledge Organisation for Digital Libraries},
  booktitle = {Proceedings of the 17th European Networked Knowledge Organization
               Systems Workshop co-located with the 21st International Conference
               on Theory and Practice of Digital Libraries 2017 {(TPDL} 2017), Thessaloniki,
               Greece, September 21st, 2017.},
  pages     = {6--13},
  year      = {2017},
  crossref  = {DBLP:conf/ercimdl/2017nkos},
  url       = {http://ceur-ws.org/Vol-1937/paper1.pdf},
  timestamp = {Sun, 24 Sep 2017 19:26:09 +0200},
  biburl    = {http://dblp.uni-trier.de/rec/bib/conf/ercimdl/StahnDL17},
  bibsource = {dblp computer science bibliography, http://dblp.org}
}

@inproceedings{DBLP:conf/ercimdl/Neubert17,
  author    = {Joachim Neubert},
  title     = {Wikidata as a Linking Hub for Knowledge Organization Systems? Integrating
               an Authority Mapping into Wikidata and Learning Lessons for {KOS}
               Mappings},
  booktitle = {Proceedings of the 17th European Networked Knowledge Organization
               Systems Workshop co-located with the 21st International Conference
               on Theory and Practice of Digital Libraries 2017 {(TPDL} 2017), Thessaloniki,
               Greece, September 21st, 2017.},
  pages     = {14--25},
  year      = {2017},
  crossref  = {DBLP:conf/ercimdl/2017nkos},
  url       = {http://ceur-ws.org/Vol-1937/paper2.pdf},
  timestamp = {Sun, 24 Sep 2017 19:26:09 +0200},
  biburl    = {http://dblp.uni-trier.de/rec/bib/conf/ercimdl/Neubert17},
  bibsource = {dblp computer science bibliography, http://dblp.org}
}

@inproceedings{DBLP:conf/ercimdl/LuschowW17,
  author    = {Andreas L{\"{u}}schow and
               Christian Wartena},
  title     = {Classifying Medical Literature Using k-Nearest-Neighbours Algorithm},
  booktitle = {Proceedings of the 17th European Networked Knowledge Organization
               Systems Workshop co-located with the 21st International Conference
               on Theory and Practice of Digital Libraries 2017 {(TPDL} 2017), Thessaloniki,
               Greece, September 21st, 2017.},
  pages     = {26--38},
  year      = {2017},
  crossref  = {DBLP:conf/ercimdl/2017nkos},
  url       = {http://ceur-ws.org/Vol-1937/paper3.pdf},
  timestamp = {Sun, 24 Sep 2017 19:26:09 +0200},
  biburl    = {http://dblp.uni-trier.de/rec/bib/conf/ercimdl/LuschowW17},
  bibsource = {dblp computer science bibliography, http://dblp.org}
}

@inproceedings{DBLP:conf/ercimdl/StellatoTFLCLGK17,
  author    = {Armando Stellato and
               Andrea Turbati and
               Manuel Fiorelli and
               Tiziano Lorenzetti and
               Eugeniu Costetchi and
               Christine Laaboudi and
               Willem Van Gemert and
               Johannes Keizer},
  title     = {Towards VocBench 3: Pushing Collaborative Development of Thesauri
               and Ontologies Further Beyond},
  booktitle = {Proceedings of the 17th European Networked Knowledge Organization
               Systems Workshop co-located with the 21st International Conference
               on Theory and Practice of Digital Libraries 2017 {(TPDL} 2017), Thessaloniki,
               Greece, September 21st, 2017.},
  pages     = {39--52},
  year      = {2017},
  crossref  = {DBLP:conf/ercimdl/2017nkos},
  url       = {http://ceur-ws.org/Vol-1937/paper4.pdf},
  timestamp = {Sun, 24 Sep 2017 19:26:09 +0200},
  biburl    = {http://dblp.uni-trier.de/rec/bib/conf/ercimdl/StellatoTFLCLGK17},
  bibsource = {dblp computer science bibliography, http://dblp.org}
}

@inproceedings{DBLP:conf/ercimdl/BalakrishnanA17,
  author    = {Uma Balakrishnan and
               Morsheda Akter},
  title     = {Project Coli-conc: Mapping Library Knowledge Organisation Systems},
  booktitle = {Proceedings of the 17th European Networked Knowledge Organization
               Systems Workshop co-located with the 21st International Conference
               on Theory and Practice of Digital Libraries 2017 {(TPDL} 2017), Thessaloniki,
               Greece, September 21st, 2017.},
  pages     = {53--61},
  year      = {2017},
  crossref  = {DBLP:conf/ercimdl/2017nkos},
  url       = {http://ceur-ws.org/Vol-1937/paper5.pdf},
  timestamp = {Sun, 24 Sep 2017 19:26:09 +0200},
  biburl    = {http://dblp.uni-trier.de/rec/bib/conf/ercimdl/BalakrishnanA17},
  bibsource = {dblp computer science bibliography, http://dblp.org}
}

@inproceedings{DBLP:conf/ercimdl/LavrenovaP17,
  author    = {Olga Lavrenova and
               Vasily Pavlov},
  title     = {The Publication of a Knowledge Organization Classification System
               as a Linked Data Vocabulary},
  booktitle = {Proceedings of the 17th European Networked Knowledge Organization
               Systems Workshop co-located with the 21st International Conference
               on Theory and Practice of Digital Libraries 2017 {(TPDL} 2017), Thessaloniki,
               Greece, September 21st, 2017.},
  pages     = {62--73},
  year      = {2017},
  crossref  = {DBLP:conf/ercimdl/2017nkos},
  url       = {http://ceur-ws.org/Vol-1937/paper6.pdf},
  timestamp = {Sun, 24 Sep 2017 19:26:09 +0200},
  biburl    = {http://dblp.uni-trier.de/rec/bib/conf/ercimdl/LavrenovaP17},
  bibsource = {dblp computer science bibliography, http://dblp.org}
}

@inproceedings{DBLP:conf/ercimdl/CollisF17,
  author    = {Nick Collis and
               Ingo Frommholz},
  title     = {Aquacold - a Crowdsourced Query Understanding and Query Construction
               Tool for the Linked Data Web},
  booktitle = {Proceedings of the 17th European Networked Knowledge Organization
               Systems Workshop co-located with the 21st International Conference
               on Theory and Practice of Digital Libraries 2017 {(TPDL} 2017), Thessaloniki,
               Greece, September 21st, 2017.},
  pages     = {74--86},
  year      = {2017},
  crossref  = {DBLP:conf/ercimdl/2017nkos},
  url       = {http://ceur-ws.org/Vol-1937/paper7.pdf},
  timestamp = {Sun, 24 Sep 2017 19:26:09 +0200},
  biburl    = {http://dblp.uni-trier.de/rec/bib/conf/ercimdl/CollisF17},
  bibsource = {dblp computer science bibliography, http://dblp.org}
}