@inproceedings{MarjorieHlava2009,
address = {Beltsville, MD, USA},
author = {{Marjorie Hlava}},
booktitle = {Knowledge Organization Systems: Managing Toward the Future},
mendeley-groups = {NKOS-bibliography/US2009},
title = {{Sharing Terminologies Through Registries: Contributed Controlled Vocabularies}},
url = {http://nkos.slis.kent.edu/2009workshop/MarjorieHlava.pdf},
year = {2009}
}

@inproceedings{MichaelPendleton2009,
address = {Beltsville, MD, USA},
author = {{Michael Pendleton}},
booktitle = {Knowledge Organization Systems: Managing Toward the Future},
mendeley-groups = {NKOS-bibliography/US2009},
title = {{The EPA Terminology Services: Toward Better Terminology Management and Use}},
url = {http://nkos.slis.kent.edu/2009workshop/MichaelPendleton.pdf},
year = {2009}
}

@inproceedings{GailRayburn2009,
address = {Beltsville, MD, USA},
author = {{Gail Rayburn}},
booktitle = {Knowledge Organization Systems: Managing Toward the Future},
mendeley-groups = {NKOS-bibliography/US2009},
title = {{Subject Matter Expert Thesaurus Review: Improving Collaboration with Researchers}},
url = {http://nkos.slis.kent.edu/2009workshop/GailRayburn.pdf},
year = {2009}
}

@inproceedings{ThomasBaker2009,
address = {Beltsville, MD, USA},
author = {{Thomas Baker}},
booktitle = {Knowledge Organization Systems: Managing Toward the Future},
mendeley-groups = {NKOS-bibliography/US2009},
title = {{Dublin Core application profiles in context}},
url = {http://nkos.slis.kent.edu/2009workshop/ThomasBaker.ppt},
year = {2009}
}

@inproceedings{EdSummers2009,
address = {Beltsville, MD, USA},
author = {{Ed Summers} and {Rebecca Guenther}},
booktitle = {Knowledge Organization Systems: Managing Toward the Future},
mendeley-groups = {NKOS-bibliography/US2009},
title = {{Simple Knowledge Organization System (SKOS) Update and Implementation at the Library of Congress}},
url = {http://nkos.slis.kent.edu/2009workshop/EdSummersRebeccaGuenther.pdf},
year = {2009}
}

@inproceedings{WillemRobertvanHage2009,
address = {Beltsville, MD, USA},
author = {{Willem Robert van Hage}},
booktitle = {Knowledge Organization Systems: Managing Toward the Future},
mendeley-groups = {NKOS-bibliography/US2009},
title = {{Evaluating Ontology Alignment Techniques}},
url = {http://nkos.slis.kent.edu/2009workshop/WillemRobertvanHage.pdf},
year = {2009}
}

@inproceedings{GilbertoFragoso2009,
address = {Beltsville, MD, USA},
author = {{Gilberto Fragoso}},
booktitle = {Knowledge Organization Systems: Managing Toward the Future},
mendeley-groups = {NKOS-bibliography/US2009},
title = {{NCI Thesaurus: Managing Toward an Ontology}},
url = {http://nkos.slis.kent.edu/2009workshop/GilbertoFragoso.pdf},
year = {2009}
}

@inproceedings{JaneGreenberg2009,
address = {Beltsville, MD, USA},
author = {{Jane Greenberg}},
booktitle = {Knowledge Organization Systems: Managing Toward the Future},
mendeley-groups = {NKOS-bibliography/US2009},
title = {{Interoperable Thesauri: The Challenges and Experiences of the HIVE Project}},
url = {http://nkos.slis.kent.edu/2009workshop/JaneGreenberg.pdf},
year = {2009}
}

@inproceedings{MarciaLeiZeng2009,
address = {Beltsville, MD, USA},
author = {{Marcia Lei Zeng}},
booktitle = {Knowledge Organization Systems: Managing Toward the Future},
mendeley-groups = {NKOS-bibliography/US2009},
title = {{ISO 25964: Thesauri and Interoperability with Other Vocabularies}},
url = {http://nkos.slis.kent.edu/2009workshop/MarciaZeng.pdf},
year = {2009}
}

@inproceedings{DeniseBedford2009,
address = {Beltsville, MD, USA},
author = {{Denise Bedford}},
booktitle = {Knowledge Organization Systems: Managing Toward the Future},
mendeley-groups = {NKOS-bibliography/US2009},
title = {{Ontology Summit Review 2008-2009}},
url = {http://nkos.slis.kent.edu/2009workshop/DeniseBedford.pdf},
year = {2009}
}
