@inproceedings{SueEllenWright2008,
address = {Washington, DC, USA},
author = {{Sue Ellen Wright}},
booktitle = {New Dimensions in Knowledge Organization Systems},
title = {{Present and Future Standards}},
url = {http://nkos.slis.kent.edu/2008workshop/SueEllenWright.pdf},
year = {2008}
}

@inproceedings{EdSummers2008,
address = {Washington, DC, USA},
author = {{Ed Summers} and {Jon Phipps}},
booktitle = {New Dimensions in Knowledge Organization Systems},
title = {{SKOS: New Dimensions in Interoperability}},
url = {http://nkos.slis.kent.edu/2008workshop/EdSummers.pdf},
year = {2008}
}

@inproceedings{JayVenEman2008,
address = {Washington, DC, USA},
author = {{Jay Ven Eman}},
booktitle = {New Dimensions in Knowledge Organization Systems},
title = {{Knowledge Organization Systems and Search}},
url = {http://nkos.slis.kent.edu/2008workshop/JayVenEman.pdf},
year = {2008}
}

@inproceedings{LoriFinch2008,
address = {Washington, DC, USA},
author = {{Lori Finch}},
booktitle = {New Dimensions in Knowledge Organization Systems},
title = {{Experiences in Mapping Multiple Vocabularies in Agriculture}},
url = {http://nkos.slis.kent.edu/2008workshop/LoriFinch.pdf},
year = {2008}
}

@inproceedings{JianQin2008,
address = {Washington, DC, USA},
author = {{Jian Qin}},
booktitle = {New Dimensions in Knowledge Organization Systems},
title = {{Folksonomies and Taxonomies: Where the Two Can Meet}},
url = {http://nkos.slis.kent.edu/2008workshop/JianQin.pdf},
year = {2008}
}

@inproceedings{DianeVizine-Goetz2008,
address = {Washington, DC, USA},
author = {{Diane Vizine-Goetz}},
booktitle = {New Dimensions in Knowledge Organization Systems},
title = {{Terminology Services}},
url = {http://www.oclc.org/research/presentations/vizine-goetz/cendi-nkos-isko.ppt},
year = {2008}
}

@inproceedings{HaroldSolbrig2008,
address = {Washington, DC, USA},
author = {{Harold Solbrig}},
booktitle = {New Dimensions in Knowledge Organization Systems},
title = {{Semantic Media Wiki: A Tool for Collaborative Vocabulary Development}},
url = {http://nkos.slis.kent.edu/2008workshop/HaroldSolbrig.pdf},
year = {2008}
}

@inproceedings{MarciaLeiZeng2008,
address = {Washington, DC, USA},
author = {{Marcia Lei Zeng}},
booktitle = {New Dimensions in Knowledge Organization Systems},
title = {{Metadata for Terminology Resources}},
url = {http://nkos.slis.kent.edu/2008workshop/MarciaZeng.pdf},
year = {2008}
}

@inproceedings{DavidWojick2008,
address = {Washington, DC, USA},
author = {{David Wojick}},
booktitle = {New Dimensions in Knowledge Organization Systems},
title = {{OSTI Word Web: A Search Tool Using an Integrated Taxonomy and Thesaurus of Science}},
url = {http://nkos.slis.kent.edu/2008workshop/DavidWojick.ppt},
year = {2008}
}

@inproceedings{FrankOlken2008,
address = {Washington, DC, USA},
author = {{Frank Olken}},
booktitle = {New Dimensions in Knowledge Organization Systems},
title = {{Open Ontology Registries}},
url = {http://nkos.slis.kent.edu/2008workshop/FrankOlken.pdf},
year = {2008}
}

@inproceedings{DeniseWarzel2008,
address = {Washington, DC, USA},
author = {{Denise Warzel}},
booktitle = {New Dimensions in Knowledge Organization Systems},
title = {{Using Vocabularies on the GRID}},
url = {http://nkos.slis.kent.edu/2008workshop/DeniseWarzel.pdf},
year = {2008}
}
