@inproceedings{DeanAllemang2012,
address = {Washington, DC, USA},
author = {{Dean Allemang}},
booktitle = {Semantic Search: Magnet for the Needle in the Search Haystack},
title = {{The Semantic Web Landscape}},
url = {http://nkos.slis.kent.edu/2012workshop/DeanAllemangKeynote.pdf},
year = {2012}
}

@inproceedings{DeniseBedford2012,
address = {Washington, DC, USA},
author = {{Denise Bedford}},
booktitle = {Semantic Search: Magnet for the Needle in the Search Haystack},
title = {{The 11 Views of Semantic Search}},
url = {http://nkos.slis.kent.edu/2012workshop/DeniseBedford.pdf},
year = {2012}
}

@inproceedings{DianeHillmann2012,
address = {Washington, DC, USA},
author = {{Diane Hillmann} and {George Thomas} and {Helga Rippen} and {Leslie Mitchell} and {Joe Hilger} and {Farah Gheriss}},
booktitle = {Semantic Search: Magnet for the Needle in the Search Haystack},
title = {{The Value Proposition for Semantic Search: A User Panel}},
url = {http://nkos.slis.kent.edu/2012workshop/User-Panel.pdf},
year = {2012}
}

@inproceedings{TomBaker2012,
address = {Washington, DC, USA},
author = {{Tom Baker}},
booktitle = {Semantic Search: Magnet for the Needle in the Search Haystack},
title = {{Knowledge Organization and Semantic Search}},
url = {http://nkos.slis.kent.edu/2012workshop/TomBaker.pdf},
year = {2012}
}

@inproceedings{XiaLin2012,
address = {Washington, DC, USA},
author = {{Xia Lin}},
booktitle = {Semantic Search: Magnet for the Needle in the Search Haystack},
title = {{Visualization and Semantic Search}},
url = {http://nkos.slis.kent.edu/2012workshop/XiaLin.pdf},
year = {2012}
}

@inproceedings{BernadetteHyland2012,
address = {Washington, DC, USA},
author = {{Bernadette Hyland}},
booktitle = {Semantic Search: Magnet for the Needle in the Search Haystack},
title = {{Semantic Search: Discovering Relevant Information in a Digital Golden Age}},
url = {http://nkos.slis.kent.edu/2012workshop/BernadetteHyland.pdf},
year = {2012}
}

@inproceedings{JoelRichard2012,
address = {Washington, DC, USA},
author = {{Joel Richard}},
booktitle = {Semantic Search: Magnet for the Needle in the Search Haystack},
title = {{Using Linked Data in the Biodiversity and Systematic Taxonomy Communities}},
url = {http://nkos.slis.kent.edu/2012workshop/JoelRichard.pdf},
year = {2012}
}

@inproceedings{AmaliaLevi2012,
address = {Washington, DC, USA},
author = {{Amalia Levi}},
booktitle = {Semantic Search: Magnet for the Needle in the Search Haystack},
title = {{Through the Eye of the Needle: Making Sense of Humanities Scholarship with Linked Open Data}},
year = {2012}
}

@inproceedings{JakeSpiegler2012,
address = {Washington, DC, USA},
author = {{Jake Spiegler} and {Thomas Burdick}},
booktitle = {Semantic Search: Magnet for the Needle in the Search Haystack},
title = {{When is Semantic Search Really Semantic Search?}},
url = {http://nkos.slis.kent.edu/2012workshop/JakeSpiegler.pdf},
year = {2012}
}

@inproceedings{BryanSchneider2012,
address = {Washington, DC, USA},
author = {{Bryan Schneider}},
booktitle = {Semantic Search: Magnet for the Needle in the Search Haystack},
title = {{Knowledge Architecture to Support Search Visualization}},
year = {2012}
}

@inproceedings{TamasDoszkocs2012,
address = {Washington, DC, USA},
author = {{Tamas Doszkocs}},
booktitle = {Semantic Search: Magnet for the Needle in the Search Haystack},
title = {{Where We Are and Where We are Going â€“ The Future of Semantic Search}},
url = {http://nkos.slis.kent.edu/2012workshop/TamasDoszkocs.pdf},
year = {2012}
}
