@inproceedings{RhianEvans2002,
address = {Portland, USA},
author = {{Rhian Evans} and {Peter Morton}},
booktitle = {Digital gazetteers: Integration into distributed digital library services},
title = {{The Atlas of Canada: a gazetteer service and application}},
year = {2002}
}

@inproceedings{PatrickMcGlamery2002,
address = {Portland, USA},
author = {{Patrick McGlamery}},
booktitle = {Digital gazetteers: Integration into distributed digital library services},
title = {{Inferring areal geographies of named populated places in Connecticut}},
year = {2002}
}

@inproceedings{DavidSmith2002,
address = {Portland, USA},
author = {{David Smith}},
booktitle = {Digital gazetteers: Integration into distributed digital library services},
title = {{Mining Gazetteer Data from Digital Library Collections}},
year = {2002}
}

@inproceedings{GudrunRichardson2002,
address = {Portland, USA},
author = {{Gudrun Richardson} and {Humphrey Southall}},
booktitle = {Digital gazetteers: Integration into distributed digital library services},
title = {{From a historical GIS to an on-line administrative gazetteer of Great Britain}},
year = {2002}
}

@inproceedings{AndyCorbett2002,
address = {Portland, USA},
author = {{Andy Corbett} and {James Reid} and {David Medyckyj-Scott} and {Cressida Chappell}},
booktitle = {Digital gazetteers: Integration into distributed digital library services},
title = {{Digital Gazetteers in the UK : the geo-X-walk Project at EDINA}},
year = {2002}
}

@inproceedings{Ya-ningChen2002,
address = {Portland, USA},
author = {{Ya-ning Chen} and {Shu-jiun Chen} and {Han-wei Yen} and {Hsiung-ming Liaw}},
booktitle = {Digital gazetteers: Integration into distributed digital library services},
title = {{Digital Gazetteer Service in context of Chinese Culture}},
year = {2002}
}

@inproceedings{JensFitzke2002,
address = {Portland, USA},
author = {{Jens Fitzke}},
booktitle = {Digital gazetteers: Integration into distributed digital library services},
title = {{Standard-based Gazetteer Services}},
year = {2002}
}

@inproceedings{GregJanee2002,
address = {Portland, USA},
author = {{Greg Jan{\'{e}}e}},
booktitle = {Digital gazetteers: Integration into distributed digital library services},
title = {{The ADL Gazetteer {\&} Thesaurus Service Protocols}},
year = {2002}
}

@inproceedings{RuthMostern2002,
address = {Portland, USA},
author = {{Ruth Mostern}},
booktitle = {Digital gazetteers: Integration into distributed digital library services},
title = {{Digital Gazetteer Standards for History and Culture}},
year = {2002}
}

@inproceedings{JamesFrew2002,
address = {Portland, USA},
author = {{James Frew}},
booktitle = {Digital gazetteers: Integration into distributed digital library services},
title = {{Textual-Geospatial Integration (TGI) Project}},
year = {2002}
}

@inproceedings{LindaHill,
address = {Portland, USA},
author = {{Linda Hill}},
booktitle = {Digital gazetteers: Integration into distributed digital library services},
title = {{Content standards for digital gazetteers}},
year = {2002}
}
