@inproceedings{AmyWarner2003,
address = {Houston, USA},
author = {{Amy Warner}},
booktitle = {Building a Meaningful Web: From Traditional Knowledge Organization Systems to New Semantic Tools},
title = {{Standards and Principles for Developing Search and Browse Vocabularies}},
url = {http://nkos.slis.kent.edu/2003workshop/amy.ppt},
year = {2003}
}

@inproceedings{AdamFarquhar2003,
address = {Houston, USA},
author = {{Adam Farquhar} and {Thomas Bandholtz}},
booktitle = {Building a Meaningful Web: From Traditional Knowledge Organization Systems to New Semantic Tools},
title = {{Semantic Network Services}},
url = {http://nkos.slis.kent.edu/2003workshop/nkos{\_}farquhar{\_}v1.0.ppt},
year = {2003}
}

@inproceedings{TerenceSmith2003,
address = {Houston, USA},
author = {{Terence Smith} and {Marcia Lei Zeng}},
booktitle = {Building a Meaningful Web: From Traditional Knowledge Organization Systems to New Semantic Tools},
title = {{Concept-based Learning Spaces}},
year = {2003}
}

@inproceedings{GailHodge2003,
address = {Houston, USA},
author = {{Gail Hodge} and {Janet Ormes} and {Patrick Healey}},
booktitle = {Building a Meaningful Web: From Traditional Knowledge Organization Systems to New Semantic Tools},
title = {{Using the NASA Thesaurus to Support the Indexing of Streaming Media}},
year = {2003}
}

@inproceedings{FrehiwotFisseha2003,
address = {Houston, USA},
author = {{Frehiwot Fisseha} and {Patrick Healey} and {Johannes Keizer}},
booktitle = {Building a Meaningful Web: From Traditional Knowledge Organization Systems to New Semantic Tools},
title = {{Reengineering AGROVOC to Ontologies}},
year = {2003}
}

@inproceedings{MarcosGoncalves2003,
address = {Houston, USA},
author = {{Marcos Goncalves}},
booktitle = {Building a Meaningful Web: From Traditional Knowledge Organization Systems to New Semantic Tools},
title = {{From semantic networks, to ontologies, and concept maps: knowledge tools in digital libraries}},
year = {2003}
}

@inproceedings{DagobertSoergel2003,
address = {Houston, USA},
author = {{Dagobert Soergel} and {Katy Newton}},
booktitle = {Building a Meaningful Web: From Traditional Knowledge Organization Systems to New Semantic Tools},
title = {{From Legacy Knowledge Organization Systems to Full-Fledged Ontologies}},
url = {http://nkos.slis.kent.edu/2003workshop/soergel.ppt},
year = {2003}
}
