@inproceedings{SeanBechhofer2000,
address = {San Antonio, USA},
author = {{Sean Bechhofer}},
title = {{The Ontology Inference Layer}},
year = {2000}
}

@inproceedings{SimonBuckinghamShum2000,
address = {San Antonio, USA},
author = {{Simon Buckingham Shum}},
title = {{The Scholarly Ontology Project}},
year = {2000}
}

@inproceedings{TraugottKoch2000,
address = {San Antonio, USA},
author = {{Traugott Koch}},
title = {{European update on NKOS-related activities}},
year = {2000}
}

@inproceedings{GailHodge2000,
address = {San Antonio, USA},
author = {{Gail Hodge}},
title = {{Background on NKOS activities}},
year = {2000}
}

@inproceedings{LindaHill2000,
address = {San Antonio, USA},
author = {{Linda Hill}},
title = {{Digital Gazetteer Information Exchange (DGIE)}},
year = {2000}
}

@inproceedings{BenDomenico2000,
address = {San Antonio, USA},
author = {{Ben Domenico}},
title = {{Community Supported Knowledge Organization Systems for the Digital Library for Earth System Education (DLESE)}},
year = {2000}
}
