@inproceedings{PaulThompson2001,
address = {Roanoke, USA},
author = {{Paul Thompson}},
booktitle = {Classification Crosswalks: Bringing Communities Together},
title = {{Classification Crosswalks: From Interchange to Interoperability}},
year = {2001}
}

@inproceedings{TraugottKoch2001,
address = {Roanoke, USA},
author = {{Traugott Koch} and {Heike Neuroth}},
booktitle = {Classification Crosswalks: Bringing Communities Together},
title = {{Classification Mapping for Cross-Browsing in the European Subject Gateway Broker Renardus}},
year = {2001}
}

@inproceedings{EdONeill2001,
address = {Roanoke, USA},
author = {{Ed O'Neill}},
booktitle = {Classification Crosswalks: Bringing Communities Together},
title = {{Faceted-Application of Subject Terminology}},
year = {2001}
}

@inproceedings{BrianCarlsen2001,
address = {Roanoke, USA},
author = {{Brian Carlsen}},
booktitle = {Classification Crosswalks: Bringing Communities Together},
title = {{Tools for Classification Integration}},
year = {2001}
}

@inproceedings{DagobertSoergel2001,
address = {Roanoke, USA},
author = {{Dagobert Soergel}},
booktitle = {Classification Crosswalks: Bringing Communities Together},
title = {{Representation of Knowledge Organization Structure Data: A Multiplicity of Standards}},
year = {2001}
}
