@inproceedings{DeniseWarzel2005,
address = {Denver, USA},
author = {{Denise Warzel}},
booktitle = {Next Generation Knowledge Organization Systems: Integration Challenges and Strategies},
title = {{caDSR and the NCI Thesaurus}},
year = {2005}
}

@inproceedings{NeilSarkar2005,
address = {Denver, USA},
author = {{Neil Sarkar}},
booktitle = {Next Generation Knowledge Organization Systems: Integration Challenges and Strategies},
title = {{Developing an Entomology Ontology from the UMLS}},
url = {http://nkos.slis.kent.edu/2005workshop/sarkar.ppt},
year = {2005}
}

@inproceedings{SueEllenWright2005,
address = {Denver, USA},
author = {{Sue Ellen Wright} and {Marcia Lei Zeng}},
booktitle = {Next Generation Knowledge Organization Systems: Integration Challenges and Strategies},
title = {{ISO/NISO}},
url = {http://nkos.slis.kent.edu/2005workshop/TC37.ppt http://nkos.slis.kent.edu/2005workshop/z3919.ppt},
year = {2005}
}

@inproceedings{GailHodge2005,
address = {Denver, USA},
author = {{Gail Hodge}},
booktitle = {Next Generation Knowledge Organization Systems: Integration Challenges and Strategies},
title = {{SKOS Core and Other W3C Activities}},
url = {http://nkos.slis.kent.edu/2005workshop/hodge.ppt},
year = {2005}
}

@inproceedings{BruceBargmeyer2005,
address = {Denver, USA},
author = {{Bruce Bargmeyer}},
booktitle = {Next Generation Knowledge Organization Systems: Integration Challenges and Strategies},
title = {{eXtended Metadata Registries}},
url = {http://nkos.slis.kent.edu/2005workshop/Bargmeyer.ppt},
year = {2005}
}

@inproceedings{JayVenEman2005,
address = {Denver, USA},
author = {{Jay Ven Eman}},
booktitle = {Next Generation Knowledge Organization Systems: Integration Challenges and Strategies},
title = {{OWL Mapping Thesaurus Format}},
url = {http://nkos.slis.kent.edu/2005workshop/Jay.ppt},
year = {2005}
}

@inproceedings{DouglasTudhope2005,
address = {Denver, USA},
author = {{Douglas Tudhope}},
booktitle = {Next Generation Knowledge Organization Systems: Integration Challenges and Strategies},
title = {{The FACET Project and Implications for Terminology Services}},
url = {http://nkos.slis.kent.edu/2005workshop/Tudhope.ppt},
year = {2005}
}

@inproceedings{TamaraSumner2005,
address = {Denver, USA},
author = {{Tamara Sumner}},
booktitle = {Next Generation Knowledge Organization Systems: Integration Challenges and Strategies},
title = {{The NSDL Strand Map Service: A Networked Knowledge Organization and Visualization System for K-12 Education}},
url = {http://nkos.slis.kent.edu/2005workshop/sumner.ppt},
year = {2005}
}
